%YAML 1.1
%TAG !u! tag:unity3d.com,2011:
--- !u!29 &1
SceneSettings:
  m_ObjectHideFlags: 0
  m_PVSData: 
  m_PVSObjectsArray: []
  m_PVSPortalsArray: []
  m_OcclusionBakeSettings:
    smallestOccluder: 5
    smallestHole: .25
    backfaceThreshold: 100
--- !u!104 &2
RenderSettings:
  m_ObjectHideFlags: 0
  serializedVersion: 6
  m_Fog: 0
  m_FogColor: {r: .5, g: .5, b: .5, a: 1}
  m_FogMode: 3
  m_FogDensity: .00999999978
  m_LinearFogStart: 0
  m_LinearFogEnd: 300
  m_AmbientSkyColor: {r: .211999997, g: .226999998, b: .259000003, a: 1}
  m_AmbientEquatorColor: {r: .114, g: .125, b: .133000001, a: 1}
  m_AmbientGroundColor: {r: .0469999984, g: .0430000015, b: .0350000001, a: 1}
  m_AmbientIntensity: 1
  m_AmbientMode: 3
  m_SkyboxMaterial: {fileID: 0}
  m_HaloStrength: .5
  m_FlareStrength: 1
  m_FlareFadeSpeed: 3
  m_HaloTexture: {fileID: 0}
  m_SpotCookie: {fileID: 10001, guid: 0000000000000000e000000000000000, type: 0}
  m_DefaultReflectionMode: 0
  m_DefaultReflectionResolution: 128
  m_ReflectionBounces: 1
  m_ReflectionIntensity: 1
  m_CustomReflection: {fileID: 0}
  m_Sun: {fileID: 0}
--- !u!157 &3
LightmapSettings:
  m_ObjectHideFlags: 0
  serializedVersion: 5
  m_GIWorkflowMode: 1
  m_LightmapsMode: 1
  m_GISettings:
    serializedVersion: 2
    m_BounceScale: 1
    m_IndirectOutputScale: 1
    m_AlbedoBoost: 1
    m_TemporalCoherenceThreshold: 1
    m_EnvironmentLightingMode: 0
    m_EnableBakedLightmaps: 0
    m_EnableRealtimeLightmaps: 0
  m_LightmapEditorSettings:
    serializedVersion: 3
    m_Resolution: 2
    m_BakeResolution: 40
    m_TextureWidth: 1024
    m_TextureHeight: 1024
    m_AOMaxDistance: 1
    m_Padding: 2
    m_CompAOExponent: 0
    m_LightmapParameters: {fileID: 0}
    m_TextureCompression: 1
    m_FinalGather: 0
    m_FinalGatherRayCount: 1024
    m_ReflectionCompression: 2
  m_LightmapSnapshot: {fileID: 0}
  m_RuntimeCPUUsage: 25
--- !u!196 &4
NavMeshSettings:
  serializedVersion: 2
  m_ObjectHideFlags: 0
  m_BuildSettings:
    serializedVersion: 2
    agentRadius: .5
    agentHeight: 2
    agentSlope: 45
    agentClimb: .400000006
    ledgeDropHeight: 0
    maxJumpAcrossDistance: 0
    accuratePlacement: 0
    minRegionArea: 2
    cellSize: .166666672
    manualCellSize: 0
  m_NavMeshData: {fileID: 0}
--- !u!1001 &22426843
Prefab:
  m_ObjectHideFlags: 0
  serializedVersion: 2
  m_Modification:
    m_TransformParent: {fileID: 943961997}
    m_Modifications:
    - target: {fileID: 409236, guid: 26d5264036da07f4f9fbeec569d3330d, type: 2}
      propertyPath: m_LocalPosition.x
      value: 341.220032
      objectReference: {fileID: 0}
    - target: {fileID: 409236, guid: 26d5264036da07f4f9fbeec569d3330d, type: 2}
      propertyPath: m_LocalPosition.y
      value: 0
      objectReference: {fileID: 0}
    - target: {fileID: 409236, guid: 26d5264036da07f4f9fbeec569d3330d, type: 2}
      propertyPath: m_LocalPosition.z
      value: -100
      objectReference: {fileID: 0}
    - target: {fileID: 409236, guid: 26d5264036da07f4f9fbeec569d3330d, type: 2}
      propertyPath: m_LocalRotation.x
      value: 0
      objectReference: {fileID: 0}
    - target: {fileID: 409236, guid: 26d5264036da07f4f9fbeec569d3330d, type: 2}
      propertyPath: m_LocalRotation.y
      value: 0
      objectReference: {fileID: 0}
    - target: {fileID: 409236, guid: 26d5264036da07f4f9fbeec569d3330d, type: 2}
      propertyPath: m_LocalRotation.z
      value: 0
      objectReference: {fileID: 0}
    - target: {fileID: 409236, guid: 26d5264036da07f4f9fbeec569d3330d, type: 2}
      propertyPath: m_LocalRotation.w
      value: 1
      objectReference: {fileID: 0}
    - target: {fileID: 409236, guid: 26d5264036da07f4f9fbeec569d3330d, type: 2}
      propertyPath: m_RootOrder
      value: 6
      objectReference: {fileID: 0}
    - target: {fileID: 21211688, guid: 26d5264036da07f4f9fbeec569d3330d, type: 2}
      propertyPath: m_Color.r
      value: 0
      objectReference: {fileID: 0}
    - target: {fileID: 21211688, guid: 26d5264036da07f4f9fbeec569d3330d, type: 2}
      propertyPath: m_Color.g
      value: 0
      objectReference: {fileID: 0}
    - target: {fileID: 21211688, guid: 26d5264036da07f4f9fbeec569d3330d, type: 2}
      propertyPath: m_Color.b
      value: 0
      objectReference: {fileID: 0}
    - target: {fileID: 454612, guid: 26d5264036da07f4f9fbeec569d3330d, type: 2}
      propertyPath: m_LocalPosition.x
      value: 0
      objectReference: {fileID: 0}
    - target: {fileID: 454612, guid: 26d5264036da07f4f9fbeec569d3330d, type: 2}
      propertyPath: m_LocalPosition.y
      value: 0
      objectReference: {fileID: 0}
    - target: {fileID: 162918, guid: 26d5264036da07f4f9fbeec569d3330d, type: 2}
      propertyPath: m_Name
      value: (2, -1)
      objectReference: {fileID: 0}
    m_RemovedComponents: []
  m_ParentPrefab: {fileID: 100100000, guid: 26d5264036da07f4f9fbeec569d3330d, type: 2}
  m_IsPrefabParent: 0
--- !u!4 &22426844 stripped
Transform:
  m_PrefabParentObject: {fileID: 409236, guid: 26d5264036da07f4f9fbeec569d3330d, type: 2}
  m_PrefabInternal: {fileID: 22426843}
--- !u!114 &22426845 stripped
MonoBehaviour:
  m_PrefabParentObject: {fileID: 11470260, guid: 26d5264036da07f4f9fbeec569d3330d,
    type: 2}
  m_PrefabInternal: {fileID: 22426843}
  m_Script: {fileID: 11500000, guid: 47fb6944405ae8e419dec56a1fd9c628, type: 3}
--- !u!1 &29696142
GameObject:
  m_ObjectHideFlags: 0
  m_PrefabParentObject: {fileID: 0}
  m_PrefabInternal: {fileID: 0}
  serializedVersion: 4
  m_Component:
  - 4: {fileID: 29696144}
  - 212: {fileID: 29696143}
  m_Layer: 0
  m_Name: clouds-bg
  m_TagString: Untagged
  m_Icon: {fileID: 0}
  m_NavMeshLayer: 0
  m_StaticEditorFlags: 0
  m_IsActive: 1
--- !u!212 &29696143
SpriteRenderer:
  m_ObjectHideFlags: 0
  m_PrefabParentObject: {fileID: 0}
  m_PrefabInternal: {fileID: 0}
  m_GameObject: {fileID: 29696142}
  m_Enabled: 1
  m_CastShadows: 0
  m_ReceiveShadows: 0
  m_Materials:
  - {fileID: 10754, guid: 0000000000000000e000000000000000, type: 0}
  m_SubsetIndices: 
  m_StaticBatchRoot: {fileID: 0}
  m_UseLightProbes: 0
  m_ReflectionProbeUsage: 0
  m_ProbeAnchor: {fileID: 0}
  m_ScaleInLightmap: 1
  m_PreserveUVs: 0
  m_ImportantGI: 0
  m_AutoUVMaxDistance: .5
  m_AutoUVMaxAngle: 89
  m_LightmapParameters: {fileID: 0}
  m_SortingLayerID: 0
  m_SortingOrder: 0
  m_Sprite: {fileID: 21300000, guid: 0a4a406c22f14e246a8eadb521a31247, type: 3}
  m_Color: {r: 1, g: 1, b: 1, a: 1}
--- !u!4 &29696144
Transform:
  m_ObjectHideFlags: 0
  m_PrefabParentObject: {fileID: 0}
  m_PrefabInternal: {fileID: 0}
  m_GameObject: {fileID: 29696142}
  m_LocalRotation: {x: 0, y: 0, z: 0, w: 1}
  m_LocalPosition: {x: -62.1214676, y: 0, z: 0}
  m_LocalScale: {x: 1, y: 1, z: 1}
  m_Children: []
  m_Father: {fileID: 97628863}
  m_RootOrder: 1
--- !u!1 &97628861
GameObject:
  m_ObjectHideFlags: 0
  m_PrefabParentObject: {fileID: 0}
  m_PrefabInternal: {fileID: 0}
  serializedVersion: 4
  m_Component:
  - 4: {fileID: 97628863}
  - 212: {fileID: 97628862}
  - 95: {fileID: 97628864}
  m_Layer: 0
  m_Name: clouds-bg (1)
  m_TagString: Untagged
  m_Icon: {fileID: 0}
  m_NavMeshLayer: 0
  m_StaticEditorFlags: 0
  m_IsActive: 1
--- !u!212 &97628862
SpriteRenderer:
  m_ObjectHideFlags: 0
  m_PrefabParentObject: {fileID: 0}
  m_PrefabInternal: {fileID: 0}
  m_GameObject: {fileID: 97628861}
  m_Enabled: 1
  m_CastShadows: 0
  m_ReceiveShadows: 0
  m_Materials:
  - {fileID: 10754, guid: 0000000000000000e000000000000000, type: 0}
  m_SubsetIndices: 
  m_StaticBatchRoot: {fileID: 0}
  m_UseLightProbes: 0
  m_ReflectionProbeUsage: 0
  m_ProbeAnchor: {fileID: 0}
  m_ScaleInLightmap: 1
  m_PreserveUVs: 0
  m_ImportantGI: 0
  m_AutoUVMaxDistance: .5
  m_AutoUVMaxAngle: 89
  m_LightmapParameters: {fileID: 0}
  m_SortingLayerID: 0
  m_SortingOrder: 0
  m_Sprite: {fileID: 21300000, guid: 0a4a406c22f14e246a8eadb521a31247, type: 3}
  m_Color: {r: 1, g: 1, b: 1, a: 1}
--- !u!4 &97628863
Transform:
  m_ObjectHideFlags: 0
  m_PrefabParentObject: {fileID: 0}
  m_PrefabInternal: {fileID: 0}
  m_GameObject: {fileID: 97628861}
  m_LocalRotation: {x: 0, y: 0, z: 0, w: 1}
  m_LocalPosition: {x: 293, y: 474, z: 0}
  m_LocalScale: {x: 13.9726248, y: 13.9726171, z: 13.9726171}
  m_Children:
  - {fileID: 429601908}
  - {fileID: 29696144}
  m_Father: {fileID: 0}
  m_RootOrder: 5
--- !u!95 &97628864
Animator:
  serializedVersion: 3
  m_ObjectHideFlags: 0
  m_PrefabParentObject: {fileID: 0}
  m_PrefabInternal: {fileID: 0}
  m_GameObject: {fileID: 97628861}
  m_Enabled: 1
  m_Avatar: {fileID: 0}
  m_Controller: {fileID: 9100000, guid: 48778e130d98ac74ca5f42456fb9828a, type: 2}
  m_CullingMode: 0
  m_UpdateMode: 0
  m_ApplyRootMotion: 0
  m_LinearVelocityBlending: 0
  m_WarningMessage: 
  m_HasTransformHierarchy: 1
  m_AllowConstantClipSamplingOptimization: 1
--- !u!1001 &103891193
Prefab:
  m_ObjectHideFlags: 0
  serializedVersion: 2
  m_Modification:
    m_TransformParent: {fileID: 943961997}
    m_Modifications:
    - target: {fileID: 409236, guid: 26d5264036da07f4f9fbeec569d3330d, type: 2}
      propertyPath: m_LocalPosition.x
      value: -341.220032
      objectReference: {fileID: 0}
    - target: {fileID: 409236, guid: 26d5264036da07f4f9fbeec569d3330d, type: 2}
      propertyPath: m_LocalPosition.y
      value: 77.4400024
      objectReference: {fileID: 0}
    - target: {fileID: 409236, guid: 26d5264036da07f4f9fbeec569d3330d, type: 2}
      propertyPath: m_LocalPosition.z
      value: -100
      objectReference: {fileID: 0}
    - target: {fileID: 409236, guid: 26d5264036da07f4f9fbeec569d3330d, type: 2}
      propertyPath: m_LocalRotation.x
      value: 0
      objectReference: {fileID: 0}
    - target: {fileID: 409236, guid: 26d5264036da07f4f9fbeec569d3330d, type: 2}
      propertyPath: m_LocalRotation.y
      value: 0
      objectReference: {fileID: 0}
    - target: {fileID: 409236, guid: 26d5264036da07f4f9fbeec569d3330d, type: 2}
      propertyPath: m_LocalRotation.z
      value: 0
      objectReference: {fileID: 0}
    - target: {fileID: 409236, guid: 26d5264036da07f4f9fbeec569d3330d, type: 2}
      propertyPath: m_LocalRotation.w
      value: 1
      objectReference: {fileID: 0}
    - target: {fileID: 409236, guid: 26d5264036da07f4f9fbeec569d3330d, type: 2}
      propertyPath: m_RootOrder
      value: 16
      objectReference: {fileID: 0}
    - target: {fileID: 21211688, guid: 26d5264036da07f4f9fbeec569d3330d, type: 2}
      propertyPath: m_SortingOrder
      value: -2
      objectReference: {fileID: 0}
    - target: {fileID: 21211688, guid: 26d5264036da07f4f9fbeec569d3330d, type: 2}
      propertyPath: m_Color.r
      value: 0
      objectReference: {fileID: 0}
    - target: {fileID: 21211688, guid: 26d5264036da07f4f9fbeec569d3330d, type: 2}
      propertyPath: m_Color.g
      value: 0
      objectReference: {fileID: 0}
    - target: {fileID: 21211688, guid: 26d5264036da07f4f9fbeec569d3330d, type: 2}
      propertyPath: m_Color.b
      value: 0
      objectReference: {fileID: 0}
    - target: {fileID: 454612, guid: 26d5264036da07f4f9fbeec569d3330d, type: 2}
      propertyPath: m_LocalPosition.x
      value: 0
      objectReference: {fileID: 0}
    - target: {fileID: 454612, guid: 26d5264036da07f4f9fbeec569d3330d, type: 2}
      propertyPath: m_LocalPosition.y
      value: 0
      objectReference: {fileID: 0}
    - target: {fileID: 162918, guid: 26d5264036da07f4f9fbeec569d3330d, type: 2}
      propertyPath: m_Name
      value: (-2, 2)
      objectReference: {fileID: 0}
    m_RemovedComponents: []
  m_ParentPrefab: {fileID: 100100000, guid: 26d5264036da07f4f9fbeec569d3330d, type: 2}
  m_IsPrefabParent: 0
--- !u!4 &103891194 stripped
Transform:
  m_PrefabParentObject: {fileID: 409236, guid: 26d5264036da07f4f9fbeec569d3330d, type: 2}
  m_PrefabInternal: {fileID: 103891193}
--- !u!114 &103891195 stripped
MonoBehaviour:
  m_PrefabParentObject: {fileID: 11470260, guid: 26d5264036da07f4f9fbeec569d3330d,
    type: 2}
  m_PrefabInternal: {fileID: 103891193}
  m_Script: {fileID: 11500000, guid: 47fb6944405ae8e419dec56a1fd9c628, type: 3}
--- !u!1 &429601906
GameObject:
  m_ObjectHideFlags: 0
  m_PrefabParentObject: {fileID: 0}
  m_PrefabInternal: {fileID: 0}
  serializedVersion: 4
  m_Component:
  - 4: {fileID: 429601908}
  - 212: {fileID: 429601907}
  m_Layer: 0
  m_Name: clouds-bg (2)
  m_TagString: Untagged
  m_Icon: {fileID: 0}
  m_NavMeshLayer: 0
  m_StaticEditorFlags: 0
  m_IsActive: 1
--- !u!212 &429601907
SpriteRenderer:
  m_ObjectHideFlags: 0
  m_PrefabParentObject: {fileID: 0}
  m_PrefabInternal: {fileID: 0}
  m_GameObject: {fileID: 429601906}
  m_Enabled: 1
  m_CastShadows: 0
  m_ReceiveShadows: 0
  m_Materials:
  - {fileID: 10754, guid: 0000000000000000e000000000000000, type: 0}
  m_SubsetIndices: 
  m_StaticBatchRoot: {fileID: 0}
  m_UseLightProbes: 0
  m_ReflectionProbeUsage: 0
  m_ProbeAnchor: {fileID: 0}
  m_ScaleInLightmap: 1
  m_PreserveUVs: 0
  m_ImportantGI: 0
  m_AutoUVMaxDistance: .5
  m_AutoUVMaxAngle: 89
  m_LightmapParameters: {fileID: 0}
  m_SortingLayerID: 0
  m_SortingOrder: 0
  m_Sprite: {fileID: 21300000, guid: 0a4a406c22f14e246a8eadb521a31247, type: 3}
  m_Color: {r: 1, g: 1, b: 1, a: 1}
--- !u!4 &429601908
Transform:
  m_ObjectHideFlags: 0
  m_PrefabParentObject: {fileID: 0}
  m_PrefabInternal: {fileID: 0}
  m_GameObject: {fileID: 429601906}
  m_LocalRotation: {x: 0, y: 0, z: 0, w: 1}
  m_LocalPosition: {x: 62.1214676, y: 0, z: 0}
  m_LocalScale: {x: 1, y: 1, z: 1}
  m_Children: []
  m_Father: {fileID: 97628863}
  m_RootOrder: 0
--- !u!1 &454151277
GameObject:
  m_ObjectHideFlags: 0
  m_PrefabParentObject: {fileID: 0}
  m_PrefabInternal: {fileID: 0}
  serializedVersion: 4
  m_Component:
  - 4: {fileID: 454151279}
  - 212: {fileID: 454151278}
  m_Layer: 0
  m_Name: bg
  m_TagString: Untagged
  m_Icon: {fileID: 0}
  m_NavMeshLayer: 0
  m_StaticEditorFlags: 0
  m_IsActive: 1
--- !u!212 &454151278
SpriteRenderer:
  m_ObjectHideFlags: 0
  m_PrefabParentObject: {fileID: 0}
  m_PrefabInternal: {fileID: 0}
  m_GameObject: {fileID: 454151277}
  m_Enabled: 1
  m_CastShadows: 0
  m_ReceiveShadows: 0
  m_Materials:
  - {fileID: 10754, guid: 0000000000000000e000000000000000, type: 0}
  m_SubsetIndices: 
  m_StaticBatchRoot: {fileID: 0}
  m_UseLightProbes: 0
  m_ReflectionProbeUsage: 0
  m_ProbeAnchor: {fileID: 0}
  m_ScaleInLightmap: 1
  m_PreserveUVs: 0
  m_ImportantGI: 0
  m_AutoUVMaxDistance: .5
  m_AutoUVMaxAngle: 89
  m_LightmapParameters: {fileID: 0}
  m_SortingLayerID: 0
  m_SortingOrder: -17
  m_Sprite: {fileID: 21300000, guid: 4ddb8dff650afd245a13dfd85b4a9739, type: 3}
  m_Color: {r: 1, g: 1, b: 1, a: 1}
--- !u!4 &454151279
Transform:
  m_ObjectHideFlags: 0
  m_PrefabParentObject: {fileID: 0}
  m_PrefabInternal: {fileID: 0}
  m_GameObject: {fileID: 454151277}
  m_LocalRotation: {x: 0, y: 0, z: 0, w: 1}
  m_LocalPosition: {x: -22, y: 35, z: 0}
  m_LocalScale: {x: 22.9905453, y: 22.9905548, z: 22.9905548}
  m_Children: []
  m_Father: {fileID: 0}
  m_RootOrder: 7
--- !u!1001 &655165689
Prefab:
  m_ObjectHideFlags: 0
  serializedVersion: 2
  m_Modification:
    m_TransformParent: {fileID: 943961997}
    m_Modifications:
    - target: {fileID: 409236, guid: 26d5264036da07f4f9fbeec569d3330d, type: 2}
      propertyPath: m_LocalPosition.x
      value: 0
      objectReference: {fileID: 0}
    - target: {fileID: 409236, guid: 26d5264036da07f4f9fbeec569d3330d, type: 2}
      propertyPath: m_LocalPosition.y
      value: 77.4400024
      objectReference: {fileID: 0}
    - target: {fileID: 409236, guid: 26d5264036da07f4f9fbeec569d3330d, type: 2}
      propertyPath: m_LocalPosition.z
      value: -100
      objectReference: {fileID: 0}
    - target: {fileID: 409236, guid: 26d5264036da07f4f9fbeec569d3330d, type: 2}
      propertyPath: m_LocalRotation.x
      value: 0
      objectReference: {fileID: 0}
    - target: {fileID: 409236, guid: 26d5264036da07f4f9fbeec569d3330d, type: 2}
      propertyPath: m_LocalRotation.y
      value: 0
      objectReference: {fileID: 0}
    - target: {fileID: 409236, guid: 26d5264036da07f4f9fbeec569d3330d, type: 2}
      propertyPath: m_LocalRotation.z
      value: 0
      objectReference: {fileID: 0}
    - target: {fileID: 409236, guid: 26d5264036da07f4f9fbeec569d3330d, type: 2}
      propertyPath: m_LocalRotation.w
      value: 1
      objectReference: {fileID: 0}
    - target: {fileID: 409236, guid: 26d5264036da07f4f9fbeec569d3330d, type: 2}
      propertyPath: m_RootOrder
      value: 14
      objectReference: {fileID: 0}
    - target: {fileID: 21211688, guid: 26d5264036da07f4f9fbeec569d3330d, type: 2}
      propertyPath: m_SortingOrder
      value: -2
      objectReference: {fileID: 0}
    - target: {fileID: 21211688, guid: 26d5264036da07f4f9fbeec569d3330d, type: 2}
      propertyPath: m_Color.r
      value: 0
      objectReference: {fileID: 0}
    - target: {fileID: 21211688, guid: 26d5264036da07f4f9fbeec569d3330d, type: 2}
      propertyPath: m_Color.g
      value: 0
      objectReference: {fileID: 0}
    - target: {fileID: 21211688, guid: 26d5264036da07f4f9fbeec569d3330d, type: 2}
      propertyPath: m_Color.b
      value: 0
      objectReference: {fileID: 0}
    - target: {fileID: 454612, guid: 26d5264036da07f4f9fbeec569d3330d, type: 2}
      propertyPath: m_LocalPosition.x
      value: 0
      objectReference: {fileID: 0}
    - target: {fileID: 454612, guid: 26d5264036da07f4f9fbeec569d3330d, type: 2}
      propertyPath: m_LocalPosition.y
      value: 0
      objectReference: {fileID: 0}
    - target: {fileID: 162918, guid: 26d5264036da07f4f9fbeec569d3330d, type: 2}
      propertyPath: m_Name
      value: (0, 1)
      objectReference: {fileID: 0}
    m_RemovedComponents: []
  m_ParentPrefab: {fileID: 100100000, guid: 26d5264036da07f4f9fbeec569d3330d, type: 2}
  m_IsPrefabParent: 0
--- !u!4 &655165690 stripped
Transform:
  m_PrefabParentObject: {fileID: 409236, guid: 26d5264036da07f4f9fbeec569d3330d, type: 2}
  m_PrefabInternal: {fileID: 655165689}
--- !u!114 &655165691 stripped
MonoBehaviour:
  m_PrefabParentObject: {fileID: 11470260, guid: 26d5264036da07f4f9fbeec569d3330d,
    type: 2}
  m_PrefabInternal: {fileID: 655165689}
  m_Script: {fileID: 11500000, guid: 47fb6944405ae8e419dec56a1fd9c628, type: 3}
--- !u!1001 &670438182
Prefab:
  m_ObjectHideFlags: 0
  serializedVersion: 2
  m_Modification:
    m_TransformParent: {fileID: 943961997}
    m_Modifications:
    - target: {fileID: 409236, guid: 26d5264036da07f4f9fbeec569d3330d, type: 2}
      propertyPath: m_LocalPosition.x
      value: 170.610016
      objectReference: {fileID: 0}
    - target: {fileID: 409236, guid: 26d5264036da07f4f9fbeec569d3330d, type: 2}
      propertyPath: m_LocalPosition.y
      value: 116.160011
      objectReference: {fileID: 0}
    - target: {fileID: 409236, guid: 26d5264036da07f4f9fbeec569d3330d, type: 2}
      propertyPath: m_LocalPosition.z
      value: -100
      objectReference: {fileID: 0}
    - target: {fileID: 409236, guid: 26d5264036da07f4f9fbeec569d3330d, type: 2}
      propertyPath: m_LocalRotation.x
      value: 0
      objectReference: {fileID: 0}
    - target: {fileID: 409236, guid: 26d5264036da07f4f9fbeec569d3330d, type: 2}
      propertyPath: m_LocalRotation.y
      value: 0
      objectReference: {fileID: 0}
    - target: {fileID: 409236, guid: 26d5264036da07f4f9fbeec569d3330d, type: 2}
      propertyPath: m_LocalRotation.z
      value: 0
      objectReference: {fileID: 0}
    - target: {fileID: 409236, guid: 26d5264036da07f4f9fbeec569d3330d, type: 2}
      propertyPath: m_LocalRotation.w
      value: 1
      objectReference: {fileID: 0}
    - target: {fileID: 409236, guid: 26d5264036da07f4f9fbeec569d3330d, type: 2}
      propertyPath: m_RootOrder
      value: 15
      objectReference: {fileID: 0}
    - target: {fileID: 21211688, guid: 26d5264036da07f4f9fbeec569d3330d, type: 2}
      propertyPath: m_SortingOrder
      value: -3
      objectReference: {fileID: 0}
    - target: {fileID: 21211688, guid: 26d5264036da07f4f9fbeec569d3330d, type: 2}
      propertyPath: m_Color.r
      value: 0
      objectReference: {fileID: 0}
    - target: {fileID: 21211688, guid: 26d5264036da07f4f9fbeec569d3330d, type: 2}
      propertyPath: m_Color.g
      value: 0
      objectReference: {fileID: 0}
    - target: {fileID: 21211688, guid: 26d5264036da07f4f9fbeec569d3330d, type: 2}
      propertyPath: m_Color.b
      value: 0
      objectReference: {fileID: 0}
    - target: {fileID: 454612, guid: 26d5264036da07f4f9fbeec569d3330d, type: 2}
      propertyPath: m_LocalPosition.x
      value: 0
      objectReference: {fileID: 0}
    - target: {fileID: 454612, guid: 26d5264036da07f4f9fbeec569d3330d, type: 2}
      propertyPath: m_LocalPosition.y
      value: 0
      objectReference: {fileID: 0}
    - target: {fileID: 162918, guid: 26d5264036da07f4f9fbeec569d3330d, type: 2}
      propertyPath: m_Name
      value: (1, 1)
      objectReference: {fileID: 0}
    m_RemovedComponents: []
  m_ParentPrefab: {fileID: 100100000, guid: 26d5264036da07f4f9fbeec569d3330d, type: 2}
  m_IsPrefabParent: 0
--- !u!4 &670438183 stripped
Transform:
  m_PrefabParentObject: {fileID: 409236, guid: 26d5264036da07f4f9fbeec569d3330d, type: 2}
  m_PrefabInternal: {fileID: 670438182}
--- !u!114 &670438184 stripped
MonoBehaviour:
  m_PrefabParentObject: {fileID: 11470260, guid: 26d5264036da07f4f9fbeec569d3330d,
    type: 2}
  m_PrefabInternal: {fileID: 670438182}
  m_Script: {fileID: 11500000, guid: 47fb6944405ae8e419dec56a1fd9c628, type: 3}
--- !u!1001 &696723665
Prefab:
  m_ObjectHideFlags: 0
  serializedVersion: 2
  m_Modification:
    m_TransformParent: {fileID: 0}
    m_Modifications:
    - target: {fileID: 412370, guid: 198d60876d35cb34f9952c7f2fa7b508, type: 2}
      propertyPath: m_LocalPosition.x
      value: -15.5364037
      objectReference: {fileID: 0}
    - target: {fileID: 412370, guid: 198d60876d35cb34f9952c7f2fa7b508, type: 2}
      propertyPath: m_LocalPosition.y
      value: -54.2347336
      objectReference: {fileID: 0}
    - target: {fileID: 412370, guid: 198d60876d35cb34f9952c7f2fa7b508, type: 2}
      propertyPath: m_LocalPosition.z
      value: 0
      objectReference: {fileID: 0}
    - target: {fileID: 412370, guid: 198d60876d35cb34f9952c7f2fa7b508, type: 2}
      propertyPath: m_LocalRotation.x
      value: 0
      objectReference: {fileID: 0}
    - target: {fileID: 412370, guid: 198d60876d35cb34f9952c7f2fa7b508, type: 2}
      propertyPath: m_LocalRotation.y
      value: 0
      objectReference: {fileID: 0}
    - target: {fileID: 412370, guid: 198d60876d35cb34f9952c7f2fa7b508, type: 2}
      propertyPath: m_LocalRotation.z
      value: 0
      objectReference: {fileID: 0}
    - target: {fileID: 412370, guid: 198d60876d35cb34f9952c7f2fa7b508, type: 2}
      propertyPath: m_LocalRotation.w
      value: 1
      objectReference: {fileID: 0}
    - target: {fileID: 412370, guid: 198d60876d35cb34f9952c7f2fa7b508, type: 2}
      propertyPath: m_RootOrder
      value: 6
      objectReference: {fileID: 0}
    m_RemovedComponents: []
  m_ParentPrefab: {fileID: 100100000, guid: 198d60876d35cb34f9952c7f2fa7b508, type: 2}
  m_IsPrefabParent: 0
--- !u!1001 &729184955
Prefab:
  m_ObjectHideFlags: 0
  serializedVersion: 2
  m_Modification:
    m_TransformParent: {fileID: 943961997}
    m_Modifications:
    - target: {fileID: 409236, guid: 26d5264036da07f4f9fbeec569d3330d, type: 2}
      propertyPath: m_LocalPosition.x
      value: 0
      objectReference: {fileID: 0}
    - target: {fileID: 409236, guid: 26d5264036da07f4f9fbeec569d3330d, type: 2}
      propertyPath: m_LocalPosition.y
      value: -77.4400024
      objectReference: {fileID: 0}
    - target: {fileID: 409236, guid: 26d5264036da07f4f9fbeec569d3330d, type: 2}
      propertyPath: m_LocalPosition.z
      value: -100
      objectReference: {fileID: 0}
    - target: {fileID: 409236, guid: 26d5264036da07f4f9fbeec569d3330d, type: 2}
      propertyPath: m_LocalRotation.x
      value: 0
      objectReference: {fileID: 0}
    - target: {fileID: 409236, guid: 26d5264036da07f4f9fbeec569d3330d, type: 2}
      propertyPath: m_LocalRotation.y
      value: 0
      objectReference: {fileID: 0}
    - target: {fileID: 409236, guid: 26d5264036da07f4f9fbeec569d3330d, type: 2}
      propertyPath: m_LocalRotation.z
      value: 0
      objectReference: {fileID: 0}
    - target: {fileID: 409236, guid: 26d5264036da07f4f9fbeec569d3330d, type: 2}
      propertyPath: m_LocalRotation.w
      value: 1
      objectReference: {fileID: 0}
    - target: {fileID: 409236, guid: 26d5264036da07f4f9fbeec569d3330d, type: 2}
      propertyPath: m_RootOrder
      value: 4
      objectReference: {fileID: 0}
    - target: {fileID: 21211688, guid: 26d5264036da07f4f9fbeec569d3330d, type: 2}
      propertyPath: m_SortingOrder
      value: 2
      objectReference: {fileID: 0}
    - target: {fileID: 21211688, guid: 26d5264036da07f4f9fbeec569d3330d, type: 2}
      propertyPath: m_Color.r
      value: 0
      objectReference: {fileID: 0}
    - target: {fileID: 21211688, guid: 26d5264036da07f4f9fbeec569d3330d, type: 2}
      propertyPath: m_Color.g
      value: 0
      objectReference: {fileID: 0}
    - target: {fileID: 21211688, guid: 26d5264036da07f4f9fbeec569d3330d, type: 2}
      propertyPath: m_Color.b
      value: 0
      objectReference: {fileID: 0}
    - target: {fileID: 454612, guid: 26d5264036da07f4f9fbeec569d3330d, type: 2}
      propertyPath: m_LocalPosition.x
      value: 0
      objectReference: {fileID: 0}
    - target: {fileID: 454612, guid: 26d5264036da07f4f9fbeec569d3330d, type: 2}
      propertyPath: m_LocalPosition.y
      value: 0
      objectReference: {fileID: 0}
    - target: {fileID: 162918, guid: 26d5264036da07f4f9fbeec569d3330d, type: 2}
      propertyPath: m_Name
      value: (0, -1)
      objectReference: {fileID: 0}
    m_RemovedComponents: []
  m_ParentPrefab: {fileID: 100100000, guid: 26d5264036da07f4f9fbeec569d3330d, type: 2}
  m_IsPrefabParent: 0
--- !u!4 &729184956 stripped
Transform:
  m_PrefabParentObject: {fileID: 409236, guid: 26d5264036da07f4f9fbeec569d3330d, type: 2}
  m_PrefabInternal: {fileID: 729184955}
--- !u!114 &729184957 stripped
MonoBehaviour:
  m_PrefabParentObject: {fileID: 11470260, guid: 26d5264036da07f4f9fbeec569d3330d,
    type: 2}
  m_PrefabInternal: {fileID: 729184955}
  m_Script: {fileID: 11500000, guid: 47fb6944405ae8e419dec56a1fd9c628, type: 3}
--- !u!114 &732310075 stripped
MonoBehaviour:
  m_PrefabParentObject: {fileID: 11401712, guid: 2c32a1295cecc0b47b3987d8766ba536,
    type: 2}
  m_PrefabInternal: {fileID: 1684544267}
  m_Script: {fileID: 708705254, guid: f5f67c52d1564df4a8936ccd202a3bd8, type: 3}
--- !u!1001 &744111981
Prefab:
  m_ObjectHideFlags: 0
  serializedVersion: 2
  m_Modification:
    m_TransformParent: {fileID: 943961997}
    m_Modifications:
    - target: {fileID: 409236, guid: 26d5264036da07f4f9fbeec569d3330d, type: 2}
      propertyPath: m_LocalPosition.x
      value: 0
      objectReference: {fileID: 0}
    - target: {fileID: 409236, guid: 26d5264036da07f4f9fbeec569d3330d, type: 2}
      propertyPath: m_LocalPosition.y
      value: -154.880005
      objectReference: {fileID: 0}
    - target: {fileID: 409236, guid: 26d5264036da07f4f9fbeec569d3330d, type: 2}
      propertyPath: m_LocalPosition.z
      value: -100
      objectReference: {fileID: 0}
    - target: {fileID: 409236, guid: 26d5264036da07f4f9fbeec569d3330d, type: 2}
      propertyPath: m_LocalRotation.x
      value: 0
      objectReference: {fileID: 0}
    - target: {fileID: 409236, guid: 26d5264036da07f4f9fbeec569d3330d, type: 2}
      propertyPath: m_LocalRotation.y
      value: 0
      objectReference: {fileID: 0}
    - target: {fileID: 409236, guid: 26d5264036da07f4f9fbeec569d3330d, type: 2}
      propertyPath: m_LocalRotation.z
      value: 0
      objectReference: {fileID: 0}
    - target: {fileID: 409236, guid: 26d5264036da07f4f9fbeec569d3330d, type: 2}
      propertyPath: m_LocalRotation.w
      value: 1
      objectReference: {fileID: 0}
    - target: {fileID: 409236, guid: 26d5264036da07f4f9fbeec569d3330d, type: 2}
      propertyPath: m_RootOrder
      value: 0
      objectReference: {fileID: 0}
    - target: {fileID: 21211688, guid: 26d5264036da07f4f9fbeec569d3330d, type: 2}
      propertyPath: m_SortingOrder
      value: 4
      objectReference: {fileID: 0}
    - target: {fileID: 21211688, guid: 26d5264036da07f4f9fbeec569d3330d, type: 2}
      propertyPath: m_Color.r
      value: 0
      objectReference: {fileID: 0}
    - target: {fileID: 21211688, guid: 26d5264036da07f4f9fbeec569d3330d, type: 2}
      propertyPath: m_Color.g
      value: 0
      objectReference: {fileID: 0}
    - target: {fileID: 21211688, guid: 26d5264036da07f4f9fbeec569d3330d, type: 2}
      propertyPath: m_Color.b
      value: 0
      objectReference: {fileID: 0}
    - target: {fileID: 454612, guid: 26d5264036da07f4f9fbeec569d3330d, type: 2}
      propertyPath: m_LocalPosition.x
      value: 0
      objectReference: {fileID: 0}
    - target: {fileID: 454612, guid: 26d5264036da07f4f9fbeec569d3330d, type: 2}
      propertyPath: m_LocalPosition.y
      value: 0
      objectReference: {fileID: 0}
    - target: {fileID: 162918, guid: 26d5264036da07f4f9fbeec569d3330d, type: 2}
      propertyPath: m_Name
      value: (0, -2)
      objectReference: {fileID: 0}
    m_RemovedComponents: []
  m_ParentPrefab: {fileID: 100100000, guid: 26d5264036da07f4f9fbeec569d3330d, type: 2}
  m_IsPrefabParent: 0
--- !u!4 &744111982 stripped
Transform:
  m_PrefabParentObject: {fileID: 409236, guid: 26d5264036da07f4f9fbeec569d3330d, type: 2}
  m_PrefabInternal: {fileID: 744111981}
--- !u!114 &744111983 stripped
MonoBehaviour:
  m_PrefabParentObject: {fileID: 11470260, guid: 26d5264036da07f4f9fbeec569d3330d,
    type: 2}
  m_PrefabInternal: {fileID: 744111981}
  m_Script: {fileID: 11500000, guid: 47fb6944405ae8e419dec56a1fd9c628, type: 3}
--- !u!1 &766421473
GameObject:
  m_ObjectHideFlags: 0
  m_PrefabParentObject: {fileID: 0}
  m_PrefabInternal: {fileID: 0}
  serializedVersion: 4
  m_Component:
  - 4: {fileID: 766421475}
  - 212: {fileID: 766421474}
  m_Layer: 0
  m_Name: addgame-bg
  m_TagString: Untagged
  m_Icon: {fileID: 0}
  m_NavMeshLayer: 0
  m_StaticEditorFlags: 0
  m_IsActive: 1
--- !u!212 &766421474
SpriteRenderer:
  m_ObjectHideFlags: 0
  m_PrefabParentObject: {fileID: 0}
  m_PrefabInternal: {fileID: 0}
  m_GameObject: {fileID: 766421473}
  m_Enabled: 1
  m_CastShadows: 0
  m_ReceiveShadows: 0
  m_Materials:
  - {fileID: 10754, guid: 0000000000000000e000000000000000, type: 0}
  m_SubsetIndices: 
  m_StaticBatchRoot: {fileID: 0}
  m_UseLightProbes: 0
  m_ReflectionProbeUsage: 0
  m_ProbeAnchor: {fileID: 0}
  m_ScaleInLightmap: 1
  m_PreserveUVs: 0
  m_ImportantGI: 0
  m_AutoUVMaxDistance: .5
  m_AutoUVMaxAngle: 89
  m_LightmapParameters: {fileID: 0}
  m_SortingLayerID: 0
  m_SortingOrder: 2
  m_Sprite: {fileID: 21300000, guid: c746fa13dde1a714dbf4929c77cd626b, type: 3}
  m_Color: {r: 1, g: 1, b: 1, a: 1}
--- !u!4 &766421475
Transform:
  m_ObjectHideFlags: 0
  m_PrefabParentObject: {fileID: 0}
  m_PrefabInternal: {fileID: 0}
  m_GameObject: {fileID: 766421473}
  m_LocalRotation: {x: 0, y: 0, z: 0, w: 1}
  m_LocalPosition: {x: -163, y: 283, z: 0}
  m_LocalScale: {x: 15.8633823, y: 15.8633852, z: 15.8633852}
  m_Children: []
  m_Father: {fileID: 0}
  m_RootOrder: 8
--- !u!1001 &826148632
Prefab:
  m_ObjectHideFlags: 0
  serializedVersion: 2
  m_Modification:
    m_TransformParent: {fileID: 0}
    m_Modifications:
    - target: {fileID: 22462848, guid: 3c9e0bf0dd00ff343bc1a0dd8f1456c3, type: 2}
      propertyPath: m_LocalPosition.x
      value: 0
      objectReference: {fileID: 0}
    - target: {fileID: 22462848, guid: 3c9e0bf0dd00ff343bc1a0dd8f1456c3, type: 2}
      propertyPath: m_LocalPosition.y
      value: 0
      objectReference: {fileID: 0}
    - target: {fileID: 22462848, guid: 3c9e0bf0dd00ff343bc1a0dd8f1456c3, type: 2}
      propertyPath: m_LocalPosition.z
      value: 0
      objectReference: {fileID: 0}
    - target: {fileID: 22462848, guid: 3c9e0bf0dd00ff343bc1a0dd8f1456c3, type: 2}
      propertyPath: m_LocalRotation.x
      value: 0
      objectReference: {fileID: 0}
    - target: {fileID: 22462848, guid: 3c9e0bf0dd00ff343bc1a0dd8f1456c3, type: 2}
      propertyPath: m_LocalRotation.y
      value: 0
      objectReference: {fileID: 0}
    - target: {fileID: 22462848, guid: 3c9e0bf0dd00ff343bc1a0dd8f1456c3, type: 2}
      propertyPath: m_LocalRotation.z
      value: 0
      objectReference: {fileID: 0}
    - target: {fileID: 22462848, guid: 3c9e0bf0dd00ff343bc1a0dd8f1456c3, type: 2}
      propertyPath: m_LocalRotation.w
      value: 1
      objectReference: {fileID: 0}
    - target: {fileID: 22462848, guid: 3c9e0bf0dd00ff343bc1a0dd8f1456c3, type: 2}
      propertyPath: m_RootOrder
      value: 2
      objectReference: {fileID: 0}
    - target: {fileID: 22462848, guid: 3c9e0bf0dd00ff343bc1a0dd8f1456c3, type: 2}
      propertyPath: m_AnchoredPosition.x
      value: -2
      objectReference: {fileID: 0}
    - target: {fileID: 22462848, guid: 3c9e0bf0dd00ff343bc1a0dd8f1456c3, type: 2}
      propertyPath: m_AnchoredPosition.y
      value: -13
      objectReference: {fileID: 0}
    - target: {fileID: 22462848, guid: 3c9e0bf0dd00ff343bc1a0dd8f1456c3, type: 2}
      propertyPath: m_SizeDelta.x
      value: 932
      objectReference: {fileID: 0}
    - target: {fileID: 22462848, guid: 3c9e0bf0dd00ff343bc1a0dd8f1456c3, type: 2}
      propertyPath: m_SizeDelta.y
      value: 998
      objectReference: {fileID: 0}
    - target: {fileID: 22462848, guid: 3c9e0bf0dd00ff343bc1a0dd8f1456c3, type: 2}
      propertyPath: m_AnchorMin.x
      value: 0
      objectReference: {fileID: 0}
    - target: {fileID: 22462848, guid: 3c9e0bf0dd00ff343bc1a0dd8f1456c3, type: 2}
      propertyPath: m_AnchorMin.y
      value: 0
      objectReference: {fileID: 0}
    - target: {fileID: 22462848, guid: 3c9e0bf0dd00ff343bc1a0dd8f1456c3, type: 2}
      propertyPath: m_AnchorMax.x
      value: 0
      objectReference: {fileID: 0}
    - target: {fileID: 22462848, guid: 3c9e0bf0dd00ff343bc1a0dd8f1456c3, type: 2}
      propertyPath: m_AnchorMax.y
      value: 0
      objectReference: {fileID: 0}
    - target: {fileID: 22462848, guid: 3c9e0bf0dd00ff343bc1a0dd8f1456c3, type: 2}
      propertyPath: m_Pivot.x
      value: .5
      objectReference: {fileID: 0}
    - target: {fileID: 22462848, guid: 3c9e0bf0dd00ff343bc1a0dd8f1456c3, type: 2}
      propertyPath: m_Pivot.y
      value: .5
      objectReference: {fileID: 0}
    - target: {fileID: 22332370, guid: 3c9e0bf0dd00ff343bc1a0dd8f1456c3, type: 2}
      propertyPath: m_SortingLayerID
      value: -1301738765
      objectReference: {fileID: 0}
    m_RemovedComponents: []
  m_ParentPrefab: {fileID: 100100000, guid: 3c9e0bf0dd00ff343bc1a0dd8f1456c3, type: 2}
  m_IsPrefabParent: 0
--- !u!1001 &833322918
Prefab:
  m_ObjectHideFlags: 0
  serializedVersion: 2
  m_Modification:
    m_TransformParent: {fileID: 0}
    m_Modifications:
    - target: {fileID: 489668, guid: 085acf7ef00a2374f8b8b22cfbdc76eb, type: 2}
      propertyPath: m_LocalPosition.x
      value: 0
      objectReference: {fileID: 0}
    - target: {fileID: 489668, guid: 085acf7ef00a2374f8b8b22cfbdc76eb, type: 2}
      propertyPath: m_LocalPosition.y
      value: 24.7700005
      objectReference: {fileID: 0}
    - target: {fileID: 489668, guid: 085acf7ef00a2374f8b8b22cfbdc76eb, type: 2}
      propertyPath: m_LocalPosition.z
      value: -800
      objectReference: {fileID: 0}
    - target: {fileID: 489668, guid: 085acf7ef00a2374f8b8b22cfbdc76eb, type: 2}
      propertyPath: m_LocalRotation.x
      value: 0
      objectReference: {fileID: 0}
    - target: {fileID: 489668, guid: 085acf7ef00a2374f8b8b22cfbdc76eb, type: 2}
      propertyPath: m_LocalRotation.y
      value: 0
      objectReference: {fileID: 0}
    - target: {fileID: 489668, guid: 085acf7ef00a2374f8b8b22cfbdc76eb, type: 2}
      propertyPath: m_LocalRotation.z
      value: 0
      objectReference: {fileID: 0}
    - target: {fileID: 489668, guid: 085acf7ef00a2374f8b8b22cfbdc76eb, type: 2}
      propertyPath: m_LocalRotation.w
      value: 1
      objectReference: {fileID: 0}
    - target: {fileID: 489668, guid: 085acf7ef00a2374f8b8b22cfbdc76eb, type: 2}
      propertyPath: m_RootOrder
      value: 0
      objectReference: {fileID: 0}
    - target: {fileID: 11453580, guid: 085acf7ef00a2374f8b8b22cfbdc76eb, type: 2}
      propertyPath: m_Enabled
      value: 0
      objectReference: {fileID: 0}
    m_RemovedComponents: []
  m_ParentPrefab: {fileID: 100100000, guid: 085acf7ef00a2374f8b8b22cfbdc76eb, type: 2}
  m_IsPrefabParent: 0
--- !u!1001 &887176191
Prefab:
  m_ObjectHideFlags: 0
  serializedVersion: 2
  m_Modification:
    m_TransformParent: {fileID: 943961997}
    m_Modifications:
    - target: {fileID: 409236, guid: 26d5264036da07f4f9fbeec569d3330d, type: 2}
      propertyPath: m_LocalPosition.x
      value: -170.610016
      objectReference: {fileID: 0}
    - target: {fileID: 409236, guid: 26d5264036da07f4f9fbeec569d3330d, type: 2}
      propertyPath: m_LocalPosition.y
      value: -116.160011
      objectReference: {fileID: 0}
    - target: {fileID: 409236, guid: 26d5264036da07f4f9fbeec569d3330d, type: 2}
      propertyPath: m_LocalPosition.z
      value: -100
      objectReference: {fileID: 0}
    - target: {fileID: 409236, guid: 26d5264036da07f4f9fbeec569d3330d, type: 2}
      propertyPath: m_LocalRotation.x
      value: 0
      objectReference: {fileID: 0}
    - target: {fileID: 409236, guid: 26d5264036da07f4f9fbeec569d3330d, type: 2}
      propertyPath: m_LocalRotation.y
      value: 0
      objectReference: {fileID: 0}
    - target: {fileID: 409236, guid: 26d5264036da07f4f9fbeec569d3330d, type: 2}
      propertyPath: m_LocalRotation.z
      value: 0
      objectReference: {fileID: 0}
    - target: {fileID: 409236, guid: 26d5264036da07f4f9fbeec569d3330d, type: 2}
      propertyPath: m_LocalRotation.w
      value: 1
      objectReference: {fileID: 0}
    - target: {fileID: 409236, guid: 26d5264036da07f4f9fbeec569d3330d, type: 2}
      propertyPath: m_RootOrder
      value: 3
      objectReference: {fileID: 0}
    - target: {fileID: 21211688, guid: 26d5264036da07f4f9fbeec569d3330d, type: 2}
      propertyPath: m_SortingOrder
      value: 3
      objectReference: {fileID: 0}
    - target: {fileID: 21211688, guid: 26d5264036da07f4f9fbeec569d3330d, type: 2}
      propertyPath: m_Color.r
      value: 0
      objectReference: {fileID: 0}
    - target: {fileID: 21211688, guid: 26d5264036da07f4f9fbeec569d3330d, type: 2}
      propertyPath: m_Color.g
      value: 0
      objectReference: {fileID: 0}
    - target: {fileID: 21211688, guid: 26d5264036da07f4f9fbeec569d3330d, type: 2}
      propertyPath: m_Color.b
      value: 0
      objectReference: {fileID: 0}
    - target: {fileID: 454612, guid: 26d5264036da07f4f9fbeec569d3330d, type: 2}
      propertyPath: m_LocalPosition.x
      value: 0
      objectReference: {fileID: 0}
    - target: {fileID: 454612, guid: 26d5264036da07f4f9fbeec569d3330d, type: 2}
      propertyPath: m_LocalPosition.y
      value: 0
      objectReference: {fileID: 0}
    - target: {fileID: 162918, guid: 26d5264036da07f4f9fbeec569d3330d, type: 2}
      propertyPath: m_Name
      value: (-1, -1)
      objectReference: {fileID: 0}
    m_RemovedComponents: []
  m_ParentPrefab: {fileID: 100100000, guid: 26d5264036da07f4f9fbeec569d3330d, type: 2}
  m_IsPrefabParent: 0
--- !u!114 &887176192 stripped
MonoBehaviour:
  m_PrefabParentObject: {fileID: 11470260, guid: 26d5264036da07f4f9fbeec569d3330d,
    type: 2}
  m_PrefabInternal: {fileID: 887176191}
  m_Script: {fileID: 11500000, guid: 47fb6944405ae8e419dec56a1fd9c628, type: 3}
--- !u!4 &887176193 stripped
Transform:
  m_PrefabParentObject: {fileID: 409236, guid: 26d5264036da07f4f9fbeec569d3330d, type: 2}
  m_PrefabInternal: {fileID: 887176191}
--- !u!1 &943961996
GameObject:
  m_ObjectHideFlags: 0
  m_PrefabParentObject: {fileID: 160998, guid: ce64a4988bdab2a4e96ce7bb22e0c7fd, type: 2}
  m_PrefabInternal: {fileID: 0}
  serializedVersion: 4
  m_Component:
  - 4: {fileID: 943961997}
  - 114: {fileID: 943961999}
  - 114: {fileID: 943961998}
  m_Layer: 0
  m_Name: Grid
  m_TagString: Untagged
  m_Icon: {fileID: 0}
  m_NavMeshLayer: 0
  m_StaticEditorFlags: 0
  m_IsActive: 1
--- !u!4 &943961997
Transform:
  m_ObjectHideFlags: 0
  m_PrefabParentObject: {fileID: 419944, guid: ce64a4988bdab2a4e96ce7bb22e0c7fd, type: 2}
  m_PrefabInternal: {fileID: 0}
  m_GameObject: {fileID: 943961996}
  m_LocalRotation: {x: 0, y: 0, z: 0, w: 1}
  m_LocalPosition: {x: 0, y: 0, z: 0}
  m_LocalScale: {x: 1, y: 1, z: 1}
  m_Children:
  - {fileID: 744111982}
  - {fileID: 1535966470}
  - {fileID: 1808596044}
  - {fileID: 887176193}
  - {fileID: 729184956}
  - {fileID: 1621287026}
  - {fileID: 22426844}
  - {fileID: 1853215224}
  - {fileID: 1653944664}
  - {fileID: 1004227010}
  - {fileID: 1005225175}
  - {fileID: 1961824371}
  - {fileID: 1662472214}
  - {fileID: 1865278338}
  - {fileID: 655165690}
  - {fileID: 670438183}
  - {fileID: 103891194}
  - {fileID: 1271953183}
  - {fileID: 1855835334}
  m_Father: {fileID: 0}
  m_RootOrder: 2
--- !u!114 &943961998
MonoBehaviour:
  m_ObjectHideFlags: 0
  m_PrefabParentObject: {fileID: 11430152, guid: ce64a4988bdab2a4e96ce7bb22e0c7fd,
    type: 2}
  m_PrefabInternal: {fileID: 0}
  m_GameObject: {fileID: 943961996}
  m_Enabled: 1
  m_EditorHideFlags: 0
  m_Script: {fileID: 11500000, guid: 2e182dcca640ee843b7f2a52469f0538, type: 3}
  m_Name: 
  m_EditorClassIdentifier: 
  RollText: {fileID: 1882983781}
  RollCanvas: {fileID: 1518895144}
  LuckDiceText: {fileID: 732310075}
  LuckPlayer: {fileID: 0}
  winPoint: {x: 0, y: 0, z: 0}
  canRandomDigCells: 1
  firstTimeSpawn: 0
  OffsetVeritcal: {x: 0, y: 100, z: 0}
--- !u!114 &943961999
MonoBehaviour:
  m_ObjectHideFlags: 0
  m_PrefabParentObject: {fileID: 11434760, guid: ce64a4988bdab2a4e96ce7bb22e0c7fd,
    type: 2}
  m_PrefabInternal: {fileID: 0}
  m_GameObject: {fileID: 943961996}
  m_Enabled: 1
  m_EditorHideFlags: 0
  m_Script: {fileID: 11500000, guid: adf312c3d8a972a4884f0086d97b3230, type: 3}
  m_Name: 
  m_EditorClassIdentifier: 
  updateType: 1
  isInteractive: 0
  cells:
  - {fileID: 744111983}
  - {fileID: 1535966471}
  - {fileID: 1808596045}
  - {fileID: 887176192}
  - {fileID: 729184957}
  - {fileID: 1621287027}
  - {fileID: 22426845}
  - {fileID: 1853215225}
  - {fileID: 1653944665}
  - {fileID: 1004227011}
  - {fileID: 1005225176}
  - {fileID: 1961824372}
  - {fileID: 1662472215}
  - {fileID: 1865278339}
  - {fileID: 655165691}
  - {fileID: 670438184}
  - {fileID: 103891195}
  - {fileID: 1271953184}
  - {fileID: 1855835335}
  cellPrefab: {fileID: 11470260, guid: 26d5264036da07f4f9fbeec569d3330d, type: 2}
  dimensions:
    x: 6
    y: 6
  size: 3
  plane: 0
  alignment: 4
  cellSpacingFactor: {x: 1.10000002, y: 1.10000002}
  useColor: 0
  colors:
  - {r: .521568656, g: .858823538, b: .913725495, a: 1}
  - {r: .776470602, g: .87843138, b: .13333334, a: 1}
  - {r: 1, g: .843137264, b: .34117648, a: 1}
  - {r: .894117653, g: .470588237, b: .505882382, a: 1}
  - {r: .164705887, g: .752941191, b: .850980401, a: 1}
  - {r: .447058827, g: .772549033, b: .113725491, a: 1}
  - {r: .968627453, g: .737254918, b: 0, a: 1}
  - {r: .843137264, g: .215686277, b: .321568638, a: 1}
  - {r: .80392158, g: .941176474, b: .964705884, a: 1}
  - {r: .898039222, g: .949019611, b: .603921592, a: 1}
  - {r: 1, g: .945098042, b: .600000024, a: 1}
  - {r: .941176474, g: .713725507, b: .733333349, a: 1}
  - {r: .921568632, g: .97647059, b: .988235295, a: 1}
  - {r: .945098042, g: .97647059, b: .800000012, a: 1}
  - {r: 1, g: .988235295, b: .75686276, a: 1}
  - {r: .968627453, g: .870588243, b: .850980401, a: 1}
  - {r: 0, g: 0, b: 0, a: 1}
  colorFunction:
    x0: 10
    x1: 2
    y1: 1
  shape: 4
  mapType: 0
--- !u!1001 &1004227009
Prefab:
  m_ObjectHideFlags: 0
  serializedVersion: 2
  m_Modification:
    m_TransformParent: {fileID: 943961997}
    m_Modifications:
    - target: {fileID: 409236, guid: 26d5264036da07f4f9fbeec569d3330d, type: 2}
      propertyPath: m_LocalPosition.x
      value: 0
      objectReference: {fileID: 0}
    - target: {fileID: 409236, guid: 26d5264036da07f4f9fbeec569d3330d, type: 2}
      propertyPath: m_LocalPosition.y
      value: 0
      objectReference: {fileID: 0}
    - target: {fileID: 409236, guid: 26d5264036da07f4f9fbeec569d3330d, type: 2}
      propertyPath: m_LocalPosition.z
      value: -100
      objectReference: {fileID: 0}
    - target: {fileID: 409236, guid: 26d5264036da07f4f9fbeec569d3330d, type: 2}
      propertyPath: m_LocalRotation.x
      value: 0
      objectReference: {fileID: 0}
    - target: {fileID: 409236, guid: 26d5264036da07f4f9fbeec569d3330d, type: 2}
      propertyPath: m_LocalRotation.y
      value: 0
      objectReference: {fileID: 0}
    - target: {fileID: 409236, guid: 26d5264036da07f4f9fbeec569d3330d, type: 2}
      propertyPath: m_LocalRotation.z
      value: 0
      objectReference: {fileID: 0}
    - target: {fileID: 409236, guid: 26d5264036da07f4f9fbeec569d3330d, type: 2}
      propertyPath: m_LocalRotation.w
      value: 1
      objectReference: {fileID: 0}
    - target: {fileID: 409236, guid: 26d5264036da07f4f9fbeec569d3330d, type: 2}
      propertyPath: m_RootOrder
      value: 9
      objectReference: {fileID: 0}
    - target: {fileID: 21211688, guid: 26d5264036da07f4f9fbeec569d3330d, type: 2}
      propertyPath: m_Color.r
      value: 0
      objectReference: {fileID: 0}
    - target: {fileID: 21211688, guid: 26d5264036da07f4f9fbeec569d3330d, type: 2}
      propertyPath: m_Color.g
      value: 0
      objectReference: {fileID: 0}
    - target: {fileID: 21211688, guid: 26d5264036da07f4f9fbeec569d3330d, type: 2}
      propertyPath: m_Color.b
      value: 0
      objectReference: {fileID: 0}
    - target: {fileID: 454612, guid: 26d5264036da07f4f9fbeec569d3330d, type: 2}
      propertyPath: m_LocalPosition.x
      value: 0
      objectReference: {fileID: 0}
    - target: {fileID: 454612, guid: 26d5264036da07f4f9fbeec569d3330d, type: 2}
      propertyPath: m_LocalPosition.y
      value: 0
      objectReference: {fileID: 0}
    - target: {fileID: 162918, guid: 26d5264036da07f4f9fbeec569d3330d, type: 2}
      propertyPath: m_Name
      value: (0, 0)
      objectReference: {fileID: 0}
    m_RemovedComponents: []
  m_ParentPrefab: {fileID: 100100000, guid: 26d5264036da07f4f9fbeec569d3330d, type: 2}
  m_IsPrefabParent: 0
--- !u!4 &1004227010 stripped
Transform:
  m_PrefabParentObject: {fileID: 409236, guid: 26d5264036da07f4f9fbeec569d3330d, type: 2}
  m_PrefabInternal: {fileID: 1004227009}
--- !u!114 &1004227011 stripped
MonoBehaviour:
  m_PrefabParentObject: {fileID: 11470260, guid: 26d5264036da07f4f9fbeec569d3330d,
    type: 2}
  m_PrefabInternal: {fileID: 1004227009}
  m_Script: {fileID: 11500000, guid: 47fb6944405ae8e419dec56a1fd9c628, type: 3}
--- !u!1001 &1005225174
Prefab:
  m_ObjectHideFlags: 0
  serializedVersion: 2
  m_Modification:
    m_TransformParent: {fileID: 943961997}
    m_Modifications:
    - target: {fileID: 409236, guid: 26d5264036da07f4f9fbeec569d3330d, type: 2}
      propertyPath: m_LocalPosition.x
      value: 170.610016
      objectReference: {fileID: 0}
    - target: {fileID: 409236, guid: 26d5264036da07f4f9fbeec569d3330d, type: 2}
      propertyPath: m_LocalPosition.y
      value: 38.7200012
      objectReference: {fileID: 0}
    - target: {fileID: 409236, guid: 26d5264036da07f4f9fbeec569d3330d, type: 2}
      propertyPath: m_LocalPosition.z
      value: -100
      objectReference: {fileID: 0}
    - target: {fileID: 409236, guid: 26d5264036da07f4f9fbeec569d3330d, type: 2}
      propertyPath: m_LocalRotation.x
      value: 0
      objectReference: {fileID: 0}
    - target: {fileID: 409236, guid: 26d5264036da07f4f9fbeec569d3330d, type: 2}
      propertyPath: m_LocalRotation.y
      value: 0
      objectReference: {fileID: 0}
    - target: {fileID: 409236, guid: 26d5264036da07f4f9fbeec569d3330d, type: 2}
      propertyPath: m_LocalRotation.z
      value: 0
      objectReference: {fileID: 0}
    - target: {fileID: 409236, guid: 26d5264036da07f4f9fbeec569d3330d, type: 2}
      propertyPath: m_LocalRotation.w
      value: 1
      objectReference: {fileID: 0}
    - target: {fileID: 409236, guid: 26d5264036da07f4f9fbeec569d3330d, type: 2}
      propertyPath: m_RootOrder
      value: 10
      objectReference: {fileID: 0}
    - target: {fileID: 21211688, guid: 26d5264036da07f4f9fbeec569d3330d, type: 2}
      propertyPath: m_SortingOrder
      value: -1
      objectReference: {fileID: 0}
    - target: {fileID: 21211688, guid: 26d5264036da07f4f9fbeec569d3330d, type: 2}
      propertyPath: m_Color.r
      value: 0
      objectReference: {fileID: 0}
    - target: {fileID: 21211688, guid: 26d5264036da07f4f9fbeec569d3330d, type: 2}
      propertyPath: m_Color.g
      value: 0
      objectReference: {fileID: 0}
    - target: {fileID: 21211688, guid: 26d5264036da07f4f9fbeec569d3330d, type: 2}
      propertyPath: m_Color.b
      value: 0
      objectReference: {fileID: 0}
    - target: {fileID: 454612, guid: 26d5264036da07f4f9fbeec569d3330d, type: 2}
      propertyPath: m_LocalPosition.x
      value: 0
      objectReference: {fileID: 0}
    - target: {fileID: 454612, guid: 26d5264036da07f4f9fbeec569d3330d, type: 2}
      propertyPath: m_LocalPosition.y
      value: 0
      objectReference: {fileID: 0}
    - target: {fileID: 162918, guid: 26d5264036da07f4f9fbeec569d3330d, type: 2}
      propertyPath: m_Name
      value: (1, 0)
      objectReference: {fileID: 0}
    m_RemovedComponents: []
  m_ParentPrefab: {fileID: 100100000, guid: 26d5264036da07f4f9fbeec569d3330d, type: 2}
  m_IsPrefabParent: 0
--- !u!4 &1005225175 stripped
Transform:
  m_PrefabParentObject: {fileID: 409236, guid: 26d5264036da07f4f9fbeec569d3330d, type: 2}
  m_PrefabInternal: {fileID: 1005225174}
--- !u!114 &1005225176 stripped
MonoBehaviour:
  m_PrefabParentObject: {fileID: 11470260, guid: 26d5264036da07f4f9fbeec569d3330d,
    type: 2}
  m_PrefabInternal: {fileID: 1005225174}
  m_Script: {fileID: 11500000, guid: 47fb6944405ae8e419dec56a1fd9c628, type: 3}
--- !u!1001 &1271953182
Prefab:
  m_ObjectHideFlags: 0
  serializedVersion: 2
  m_Modification:
    m_TransformParent: {fileID: 943961997}
    m_Modifications:
    - target: {fileID: 409236, guid: 26d5264036da07f4f9fbeec569d3330d, type: 2}
      propertyPath: m_LocalPosition.x
      value: -170.610016
      objectReference: {fileID: 0}
    - target: {fileID: 409236, guid: 26d5264036da07f4f9fbeec569d3330d, type: 2}
      propertyPath: m_LocalPosition.y
      value: 116.160011
      objectReference: {fileID: 0}
    - target: {fileID: 409236, guid: 26d5264036da07f4f9fbeec569d3330d, type: 2}
      propertyPath: m_LocalPosition.z
      value: -100
      objectReference: {fileID: 0}
    - target: {fileID: 409236, guid: 26d5264036da07f4f9fbeec569d3330d, type: 2}
      propertyPath: m_LocalRotation.x
      value: 0
      objectReference: {fileID: 0}
    - target: {fileID: 409236, guid: 26d5264036da07f4f9fbeec569d3330d, type: 2}
      propertyPath: m_LocalRotation.y
      value: 0
      objectReference: {fileID: 0}
    - target: {fileID: 409236, guid: 26d5264036da07f4f9fbeec569d3330d, type: 2}
      propertyPath: m_LocalRotation.z
      value: 0
      objectReference: {fileID: 0}
    - target: {fileID: 409236, guid: 26d5264036da07f4f9fbeec569d3330d, type: 2}
      propertyPath: m_LocalRotation.w
      value: 1
      objectReference: {fileID: 0}
    - target: {fileID: 409236, guid: 26d5264036da07f4f9fbeec569d3330d, type: 2}
      propertyPath: m_RootOrder
      value: 17
      objectReference: {fileID: 0}
    - target: {fileID: 21211688, guid: 26d5264036da07f4f9fbeec569d3330d, type: 2}
      propertyPath: m_SortingOrder
      value: -3
      objectReference: {fileID: 0}
    - target: {fileID: 21211688, guid: 26d5264036da07f4f9fbeec569d3330d, type: 2}
      propertyPath: m_Color.r
      value: 0
      objectReference: {fileID: 0}
    - target: {fileID: 21211688, guid: 26d5264036da07f4f9fbeec569d3330d, type: 2}
      propertyPath: m_Color.g
      value: 0
      objectReference: {fileID: 0}
    - target: {fileID: 21211688, guid: 26d5264036da07f4f9fbeec569d3330d, type: 2}
      propertyPath: m_Color.b
      value: 0
      objectReference: {fileID: 0}
    - target: {fileID: 454612, guid: 26d5264036da07f4f9fbeec569d3330d, type: 2}
      propertyPath: m_LocalPosition.x
      value: 0
      objectReference: {fileID: 0}
    - target: {fileID: 454612, guid: 26d5264036da07f4f9fbeec569d3330d, type: 2}
      propertyPath: m_LocalPosition.y
      value: 0
      objectReference: {fileID: 0}
    - target: {fileID: 162918, guid: 26d5264036da07f4f9fbeec569d3330d, type: 2}
      propertyPath: m_Name
      value: (-1, 2)
      objectReference: {fileID: 0}
    m_RemovedComponents: []
  m_ParentPrefab: {fileID: 100100000, guid: 26d5264036da07f4f9fbeec569d3330d, type: 2}
  m_IsPrefabParent: 0
--- !u!4 &1271953183 stripped
Transform:
  m_PrefabParentObject: {fileID: 409236, guid: 26d5264036da07f4f9fbeec569d3330d, type: 2}
  m_PrefabInternal: {fileID: 1271953182}
--- !u!114 &1271953184 stripped
MonoBehaviour:
  m_PrefabParentObject: {fileID: 11470260, guid: 26d5264036da07f4f9fbeec569d3330d,
    type: 2}
  m_PrefabInternal: {fileID: 1271953182}
  m_Script: {fileID: 11500000, guid: 47fb6944405ae8e419dec56a1fd9c628, type: 3}
--- !u!223 &1518895144 stripped
Canvas:
  m_PrefabParentObject: {fileID: 22332370, guid: 3c9e0bf0dd00ff343bc1a0dd8f1456c3,
    type: 2}
  m_PrefabInternal: {fileID: 826148632}
--- !u!1001 &1535966469
Prefab:
  m_ObjectHideFlags: 0
  serializedVersion: 2
  m_Modification:
    m_TransformParent: {fileID: 943961997}
    m_Modifications:
    - target: {fileID: 409236, guid: 26d5264036da07f4f9fbeec569d3330d, type: 2}
      propertyPath: m_LocalPosition.x
      value: 170.610016
      objectReference: {fileID: 0}
    - target: {fileID: 409236, guid: 26d5264036da07f4f9fbeec569d3330d, type: 2}
      propertyPath: m_LocalPosition.y
      value: -116.160011
      objectReference: {fileID: 0}
    - target: {fileID: 409236, guid: 26d5264036da07f4f9fbeec569d3330d, type: 2}
      propertyPath: m_LocalPosition.z
      value: -100
      objectReference: {fileID: 0}
    - target: {fileID: 409236, guid: 26d5264036da07f4f9fbeec569d3330d, type: 2}
      propertyPath: m_LocalRotation.x
      value: 0
      objectReference: {fileID: 0}
    - target: {fileID: 409236, guid: 26d5264036da07f4f9fbeec569d3330d, type: 2}
      propertyPath: m_LocalRotation.y
      value: 0
      objectReference: {fileID: 0}
    - target: {fileID: 409236, guid: 26d5264036da07f4f9fbeec569d3330d, type: 2}
      propertyPath: m_LocalRotation.z
      value: 0
      objectReference: {fileID: 0}
    - target: {fileID: 409236, guid: 26d5264036da07f4f9fbeec569d3330d, type: 2}
      propertyPath: m_LocalRotation.w
      value: 1
      objectReference: {fileID: 0}
    - target: {fileID: 409236, guid: 26d5264036da07f4f9fbeec569d3330d, type: 2}
      propertyPath: m_RootOrder
      value: 1
      objectReference: {fileID: 0}
    - target: {fileID: 21211688, guid: 26d5264036da07f4f9fbeec569d3330d, type: 2}
      propertyPath: m_SortingOrder
      value: 3
      objectReference: {fileID: 0}
    - target: {fileID: 21211688, guid: 26d5264036da07f4f9fbeec569d3330d, type: 2}
      propertyPath: m_Color.r
      value: 0
      objectReference: {fileID: 0}
    - target: {fileID: 21211688, guid: 26d5264036da07f4f9fbeec569d3330d, type: 2}
      propertyPath: m_Color.g
      value: 0
      objectReference: {fileID: 0}
    - target: {fileID: 21211688, guid: 26d5264036da07f4f9fbeec569d3330d, type: 2}
      propertyPath: m_Color.b
      value: 0
      objectReference: {fileID: 0}
    - target: {fileID: 454612, guid: 26d5264036da07f4f9fbeec569d3330d, type: 2}
      propertyPath: m_LocalPosition.x
      value: 0
      objectReference: {fileID: 0}
    - target: {fileID: 454612, guid: 26d5264036da07f4f9fbeec569d3330d, type: 2}
      propertyPath: m_LocalPosition.y
      value: 0
      objectReference: {fileID: 0}
    - target: {fileID: 162918, guid: 26d5264036da07f4f9fbeec569d3330d, type: 2}
      propertyPath: m_Name
      value: (1, -2)
      objectReference: {fileID: 0}
    m_RemovedComponents: []
  m_ParentPrefab: {fileID: 100100000, guid: 26d5264036da07f4f9fbeec569d3330d, type: 2}
  m_IsPrefabParent: 0
--- !u!4 &1535966470 stripped
Transform:
  m_PrefabParentObject: {fileID: 409236, guid: 26d5264036da07f4f9fbeec569d3330d, type: 2}
  m_PrefabInternal: {fileID: 1535966469}
--- !u!114 &1535966471 stripped
MonoBehaviour:
  m_PrefabParentObject: {fileID: 11470260, guid: 26d5264036da07f4f9fbeec569d3330d,
    type: 2}
  m_PrefabInternal: {fileID: 1535966469}
  m_Script: {fileID: 11500000, guid: 47fb6944405ae8e419dec56a1fd9c628, type: 3}
--- !u!1001 &1621287025
Prefab:
  m_ObjectHideFlags: 0
  serializedVersion: 2
  m_Modification:
    m_TransformParent: {fileID: 943961997}
    m_Modifications:
    - target: {fileID: 409236, guid: 26d5264036da07f4f9fbeec569d3330d, type: 2}
      propertyPath: m_LocalPosition.x
      value: 170.610016
      objectReference: {fileID: 0}
    - target: {fileID: 409236, guid: 26d5264036da07f4f9fbeec569d3330d, type: 2}
      propertyPath: m_LocalPosition.y
      value: -38.7200012
      objectReference: {fileID: 0}
    - target: {fileID: 409236, guid: 26d5264036da07f4f9fbeec569d3330d, type: 2}
      propertyPath: m_LocalPosition.z
      value: -100
      objectReference: {fileID: 0}
    - target: {fileID: 409236, guid: 26d5264036da07f4f9fbeec569d3330d, type: 2}
      propertyPath: m_LocalRotation.x
      value: 0
      objectReference: {fileID: 0}
    - target: {fileID: 409236, guid: 26d5264036da07f4f9fbeec569d3330d, type: 2}
      propertyPath: m_LocalRotation.y
      value: 0
      objectReference: {fileID: 0}
    - target: {fileID: 409236, guid: 26d5264036da07f4f9fbeec569d3330d, type: 2}
      propertyPath: m_LocalRotation.z
      value: 0
      objectReference: {fileID: 0}
    - target: {fileID: 409236, guid: 26d5264036da07f4f9fbeec569d3330d, type: 2}
      propertyPath: m_LocalRotation.w
      value: 1
      objectReference: {fileID: 0}
    - target: {fileID: 409236, guid: 26d5264036da07f4f9fbeec569d3330d, type: 2}
      propertyPath: m_RootOrder
      value: 5
      objectReference: {fileID: 0}
    - target: {fileID: 21211688, guid: 26d5264036da07f4f9fbeec569d3330d, type: 2}
      propertyPath: m_SortingOrder
      value: 1
      objectReference: {fileID: 0}
    - target: {fileID: 21211688, guid: 26d5264036da07f4f9fbeec569d3330d, type: 2}
      propertyPath: m_Color.r
      value: 0
      objectReference: {fileID: 0}
    - target: {fileID: 21211688, guid: 26d5264036da07f4f9fbeec569d3330d, type: 2}
      propertyPath: m_Color.g
      value: 0
      objectReference: {fileID: 0}
    - target: {fileID: 21211688, guid: 26d5264036da07f4f9fbeec569d3330d, type: 2}
      propertyPath: m_Color.b
      value: 0
      objectReference: {fileID: 0}
    - target: {fileID: 454612, guid: 26d5264036da07f4f9fbeec569d3330d, type: 2}
      propertyPath: m_LocalPosition.x
      value: 0
      objectReference: {fileID: 0}
    - target: {fileID: 454612, guid: 26d5264036da07f4f9fbeec569d3330d, type: 2}
      propertyPath: m_LocalPosition.y
      value: 0
      objectReference: {fileID: 0}
    - target: {fileID: 162918, guid: 26d5264036da07f4f9fbeec569d3330d, type: 2}
      propertyPath: m_Name
      value: (1, -1)
      objectReference: {fileID: 0}
    m_RemovedComponents: []
  m_ParentPrefab: {fileID: 100100000, guid: 26d5264036da07f4f9fbeec569d3330d, type: 2}
  m_IsPrefabParent: 0
--- !u!4 &1621287026 stripped
Transform:
  m_PrefabParentObject: {fileID: 409236, guid: 26d5264036da07f4f9fbeec569d3330d, type: 2}
  m_PrefabInternal: {fileID: 1621287025}
--- !u!114 &1621287027 stripped
MonoBehaviour:
  m_PrefabParentObject: {fileID: 11470260, guid: 26d5264036da07f4f9fbeec569d3330d,
    type: 2}
  m_PrefabInternal: {fileID: 1621287025}
  m_Script: {fileID: 11500000, guid: 47fb6944405ae8e419dec56a1fd9c628, type: 3}
--- !u!1001 &1653944663
Prefab:
  m_ObjectHideFlags: 0
  serializedVersion: 2
  m_Modification:
    m_TransformParent: {fileID: 943961997}
    m_Modifications:
    - target: {fileID: 409236, guid: 26d5264036da07f4f9fbeec569d3330d, type: 2}
      propertyPath: m_LocalPosition.x
      value: -170.610016
      objectReference: {fileID: 0}
    - target: {fileID: 409236, guid: 26d5264036da07f4f9fbeec569d3330d, type: 2}
      propertyPath: m_LocalPosition.y
      value: -38.7200012
      objectReference: {fileID: 0}
    - target: {fileID: 409236, guid: 26d5264036da07f4f9fbeec569d3330d, type: 2}
      propertyPath: m_LocalPosition.z
      value: -100
      objectReference: {fileID: 0}
    - target: {fileID: 409236, guid: 26d5264036da07f4f9fbeec569d3330d, type: 2}
      propertyPath: m_LocalRotation.x
      value: 0
      objectReference: {fileID: 0}
    - target: {fileID: 409236, guid: 26d5264036da07f4f9fbeec569d3330d, type: 2}
      propertyPath: m_LocalRotation.y
      value: 0
      objectReference: {fileID: 0}
    - target: {fileID: 409236, guid: 26d5264036da07f4f9fbeec569d3330d, type: 2}
      propertyPath: m_LocalRotation.z
      value: 0
      objectReference: {fileID: 0}
    - target: {fileID: 409236, guid: 26d5264036da07f4f9fbeec569d3330d, type: 2}
      propertyPath: m_LocalRotation.w
      value: 1
      objectReference: {fileID: 0}
    - target: {fileID: 409236, guid: 26d5264036da07f4f9fbeec569d3330d, type: 2}
      propertyPath: m_RootOrder
      value: 8
      objectReference: {fileID: 0}
    - target: {fileID: 21211688, guid: 26d5264036da07f4f9fbeec569d3330d, type: 2}
      propertyPath: m_SortingOrder
      value: 1
      objectReference: {fileID: 0}
    - target: {fileID: 21211688, guid: 26d5264036da07f4f9fbeec569d3330d, type: 2}
      propertyPath: m_Color.r
      value: 0
      objectReference: {fileID: 0}
    - target: {fileID: 21211688, guid: 26d5264036da07f4f9fbeec569d3330d, type: 2}
      propertyPath: m_Color.g
      value: 0
      objectReference: {fileID: 0}
    - target: {fileID: 21211688, guid: 26d5264036da07f4f9fbeec569d3330d, type: 2}
      propertyPath: m_Color.b
      value: 0
      objectReference: {fileID: 0}
    - target: {fileID: 454612, guid: 26d5264036da07f4f9fbeec569d3330d, type: 2}
      propertyPath: m_LocalPosition.x
      value: 0
      objectReference: {fileID: 0}
    - target: {fileID: 454612, guid: 26d5264036da07f4f9fbeec569d3330d, type: 2}
      propertyPath: m_LocalPosition.y
      value: 0
      objectReference: {fileID: 0}
    - target: {fileID: 162918, guid: 26d5264036da07f4f9fbeec569d3330d, type: 2}
      propertyPath: m_Name
      value: (-1, 0)
      objectReference: {fileID: 0}
    m_RemovedComponents: []
  m_ParentPrefab: {fileID: 100100000, guid: 26d5264036da07f4f9fbeec569d3330d, type: 2}
  m_IsPrefabParent: 0
--- !u!4 &1653944664 stripped
Transform:
  m_PrefabParentObject: {fileID: 409236, guid: 26d5264036da07f4f9fbeec569d3330d, type: 2}
  m_PrefabInternal: {fileID: 1653944663}
--- !u!114 &1653944665 stripped
MonoBehaviour:
  m_PrefabParentObject: {fileID: 11470260, guid: 26d5264036da07f4f9fbeec569d3330d,
    type: 2}
  m_PrefabInternal: {fileID: 1653944663}
  m_Script: {fileID: 11500000, guid: 47fb6944405ae8e419dec56a1fd9c628, type: 3}
--- !u!1001 &1662472213
Prefab:
  m_ObjectHideFlags: 0
  serializedVersion: 2
  m_Modification:
    m_TransformParent: {fileID: 943961997}
    m_Modifications:
    - target: {fileID: 409236, guid: 26d5264036da07f4f9fbeec569d3330d, type: 2}
      propertyPath: m_LocalPosition.x
      value: -341.220032
      objectReference: {fileID: 0}
    - target: {fileID: 409236, guid: 26d5264036da07f4f9fbeec569d3330d, type: 2}
      propertyPath: m_LocalPosition.y
      value: 0
      objectReference: {fileID: 0}
    - target: {fileID: 409236, guid: 26d5264036da07f4f9fbeec569d3330d, type: 2}
      propertyPath: m_LocalPosition.z
      value: -100
      objectReference: {fileID: 0}
    - target: {fileID: 409236, guid: 26d5264036da07f4f9fbeec569d3330d, type: 2}
      propertyPath: m_LocalRotation.x
      value: 0
      objectReference: {fileID: 0}
    - target: {fileID: 409236, guid: 26d5264036da07f4f9fbeec569d3330d, type: 2}
      propertyPath: m_LocalRotation.y
      value: 0
      objectReference: {fileID: 0}
    - target: {fileID: 409236, guid: 26d5264036da07f4f9fbeec569d3330d, type: 2}
      propertyPath: m_LocalRotation.z
      value: 0
      objectReference: {fileID: 0}
    - target: {fileID: 409236, guid: 26d5264036da07f4f9fbeec569d3330d, type: 2}
      propertyPath: m_LocalRotation.w
      value: 1
      objectReference: {fileID: 0}
    - target: {fileID: 409236, guid: 26d5264036da07f4f9fbeec569d3330d, type: 2}
      propertyPath: m_RootOrder
      value: 12
      objectReference: {fileID: 0}
    - target: {fileID: 21211688, guid: 26d5264036da07f4f9fbeec569d3330d, type: 2}
      propertyPath: m_Color.r
      value: 0
      objectReference: {fileID: 0}
    - target: {fileID: 21211688, guid: 26d5264036da07f4f9fbeec569d3330d, type: 2}
      propertyPath: m_Color.g
      value: 0
      objectReference: {fileID: 0}
    - target: {fileID: 21211688, guid: 26d5264036da07f4f9fbeec569d3330d, type: 2}
      propertyPath: m_Color.b
      value: 0
      objectReference: {fileID: 0}
    - target: {fileID: 454612, guid: 26d5264036da07f4f9fbeec569d3330d, type: 2}
      propertyPath: m_LocalPosition.x
      value: 0
      objectReference: {fileID: 0}
    - target: {fileID: 454612, guid: 26d5264036da07f4f9fbeec569d3330d, type: 2}
      propertyPath: m_LocalPosition.y
      value: 0
      objectReference: {fileID: 0}
    - target: {fileID: 162918, guid: 26d5264036da07f4f9fbeec569d3330d, type: 2}
      propertyPath: m_Name
      value: (-2, 1)
      objectReference: {fileID: 0}
    m_RemovedComponents: []
  m_ParentPrefab: {fileID: 100100000, guid: 26d5264036da07f4f9fbeec569d3330d, type: 2}
  m_IsPrefabParent: 0
--- !u!4 &1662472214 stripped
Transform:
  m_PrefabParentObject: {fileID: 409236, guid: 26d5264036da07f4f9fbeec569d3330d, type: 2}
  m_PrefabInternal: {fileID: 1662472213}
--- !u!114 &1662472215 stripped
MonoBehaviour:
  m_PrefabParentObject: {fileID: 11470260, guid: 26d5264036da07f4f9fbeec569d3330d,
    type: 2}
  m_PrefabInternal: {fileID: 1662472213}
  m_Script: {fileID: 11500000, guid: 47fb6944405ae8e419dec56a1fd9c628, type: 3}
--- !u!1001 &1684544267
Prefab:
  m_ObjectHideFlags: 0
  serializedVersion: 2
  m_Modification:
    m_TransformParent: {fileID: 0}
    m_Modifications:
    - target: {fileID: 22449696, guid: 2c32a1295cecc0b47b3987d8766ba536, type: 2}
      propertyPath: m_LocalPosition.x
      value: 0
      objectReference: {fileID: 0}
    - target: {fileID: 22449696, guid: 2c32a1295cecc0b47b3987d8766ba536, type: 2}
      propertyPath: m_LocalPosition.y
      value: 0
      objectReference: {fileID: 0}
    - target: {fileID: 22449696, guid: 2c32a1295cecc0b47b3987d8766ba536, type: 2}
      propertyPath: m_LocalPosition.z
      value: 0
      objectReference: {fileID: 0}
    - target: {fileID: 22449696, guid: 2c32a1295cecc0b47b3987d8766ba536, type: 2}
      propertyPath: m_LocalRotation.x
      value: 0
      objectReference: {fileID: 0}
    - target: {fileID: 22449696, guid: 2c32a1295cecc0b47b3987d8766ba536, type: 2}
      propertyPath: m_LocalRotation.y
      value: 0
      objectReference: {fileID: 0}
    - target: {fileID: 22449696, guid: 2c32a1295cecc0b47b3987d8766ba536, type: 2}
      propertyPath: m_LocalRotation.z
      value: 0
      objectReference: {fileID: 0}
    - target: {fileID: 22449696, guid: 2c32a1295cecc0b47b3987d8766ba536, type: 2}
      propertyPath: m_LocalRotation.w
      value: 1
      objectReference: {fileID: 0}
    - target: {fileID: 22449696, guid: 2c32a1295cecc0b47b3987d8766ba536, type: 2}
      propertyPath: m_RootOrder
      value: 6
      objectReference: {fileID: 0}
    - target: {fileID: 22449696, guid: 2c32a1295cecc0b47b3987d8766ba536, type: 2}
      propertyPath: m_AnchoredPosition.x
      value: 0
      objectReference: {fileID: 0}
    - target: {fileID: 22449696, guid: 2c32a1295cecc0b47b3987d8766ba536, type: 2}
      propertyPath: m_AnchoredPosition.y
      value: 0
      objectReference: {fileID: 0}
    - target: {fileID: 22449696, guid: 2c32a1295cecc0b47b3987d8766ba536, type: 2}
      propertyPath: m_SizeDelta.x
      value: 0
      objectReference: {fileID: 0}
    - target: {fileID: 22449696, guid: 2c32a1295cecc0b47b3987d8766ba536, type: 2}
      propertyPath: m_SizeDelta.y
      value: 0
      objectReference: {fileID: 0}
    - target: {fileID: 22449696, guid: 2c32a1295cecc0b47b3987d8766ba536, type: 2}
      propertyPath: m_AnchorMin.x
      value: 0
      objectReference: {fileID: 0}
    - target: {fileID: 22449696, guid: 2c32a1295cecc0b47b3987d8766ba536, type: 2}
      propertyPath: m_AnchorMin.y
      value: 0
      objectReference: {fileID: 0}
    - target: {fileID: 22449696, guid: 2c32a1295cecc0b47b3987d8766ba536, type: 2}
      propertyPath: m_AnchorMax.x
      value: 0
      objectReference: {fileID: 0}
    - target: {fileID: 22449696, guid: 2c32a1295cecc0b47b3987d8766ba536, type: 2}
      propertyPath: m_AnchorMax.y
      value: 0
      objectReference: {fileID: 0}
    - target: {fileID: 22449696, guid: 2c32a1295cecc0b47b3987d8766ba536, type: 2}
      propertyPath: m_Pivot.x
      value: 0
      objectReference: {fileID: 0}
    - target: {fileID: 22449696, guid: 2c32a1295cecc0b47b3987d8766ba536, type: 2}
      propertyPath: m_Pivot.y
      value: 0
      objectReference: {fileID: 0}
    m_RemovedComponents: []
  m_ParentPrefab: {fileID: 100100000, guid: 2c32a1295cecc0b47b3987d8766ba536, type: 2}
  m_IsPrefabParent: 0
--- !u!1001 &1808596043
Prefab:
  m_ObjectHideFlags: 0
  serializedVersion: 2
  m_Modification:
    m_TransformParent: {fileID: 943961997}
    m_Modifications:
    - target: {fileID: 409236, guid: 26d5264036da07f4f9fbeec569d3330d, type: 2}
      propertyPath: m_LocalPosition.x
      value: 341.220032
      objectReference: {fileID: 0}
    - target: {fileID: 409236, guid: 26d5264036da07f4f9fbeec569d3330d, type: 2}
      propertyPath: m_LocalPosition.y
      value: -77.4400024
      objectReference: {fileID: 0}
    - target: {fileID: 409236, guid: 26d5264036da07f4f9fbeec569d3330d, type: 2}
      propertyPath: m_LocalPosition.z
      value: -100
      objectReference: {fileID: 0}
    - target: {fileID: 409236, guid: 26d5264036da07f4f9fbeec569d3330d, type: 2}
      propertyPath: m_LocalRotation.x
      value: 0
      objectReference: {fileID: 0}
    - target: {fileID: 409236, guid: 26d5264036da07f4f9fbeec569d3330d, type: 2}
      propertyPath: m_LocalRotation.y
      value: 0
      objectReference: {fileID: 0}
    - target: {fileID: 409236, guid: 26d5264036da07f4f9fbeec569d3330d, type: 2}
      propertyPath: m_LocalRotation.z
      value: 0
      objectReference: {fileID: 0}
    - target: {fileID: 409236, guid: 26d5264036da07f4f9fbeec569d3330d, type: 2}
      propertyPath: m_LocalRotation.w
      value: 1
      objectReference: {fileID: 0}
    - target: {fileID: 409236, guid: 26d5264036da07f4f9fbeec569d3330d, type: 2}
      propertyPath: m_RootOrder
      value: 2
      objectReference: {fileID: 0}
    - target: {fileID: 21211688, guid: 26d5264036da07f4f9fbeec569d3330d, type: 2}
      propertyPath: m_SortingOrder
      value: 2
      objectReference: {fileID: 0}
    - target: {fileID: 21211688, guid: 26d5264036da07f4f9fbeec569d3330d, type: 2}
      propertyPath: m_Color.r
      value: 0
      objectReference: {fileID: 0}
    - target: {fileID: 21211688, guid: 26d5264036da07f4f9fbeec569d3330d, type: 2}
      propertyPath: m_Color.g
      value: 0
      objectReference: {fileID: 0}
    - target: {fileID: 21211688, guid: 26d5264036da07f4f9fbeec569d3330d, type: 2}
      propertyPath: m_Color.b
      value: 0
      objectReference: {fileID: 0}
    - target: {fileID: 454612, guid: 26d5264036da07f4f9fbeec569d3330d, type: 2}
      propertyPath: m_LocalPosition.x
      value: 0
      objectReference: {fileID: 0}
    - target: {fileID: 454612, guid: 26d5264036da07f4f9fbeec569d3330d, type: 2}
      propertyPath: m_LocalPosition.y
      value: 0
      objectReference: {fileID: 0}
    - target: {fileID: 162918, guid: 26d5264036da07f4f9fbeec569d3330d, type: 2}
      propertyPath: m_Name
      value: (2, -2)
      objectReference: {fileID: 0}
    m_RemovedComponents: []
  m_ParentPrefab: {fileID: 100100000, guid: 26d5264036da07f4f9fbeec569d3330d, type: 2}
  m_IsPrefabParent: 0
--- !u!4 &1808596044 stripped
Transform:
  m_PrefabParentObject: {fileID: 409236, guid: 26d5264036da07f4f9fbeec569d3330d, type: 2}
  m_PrefabInternal: {fileID: 1808596043}
--- !u!114 &1808596045 stripped
MonoBehaviour:
  m_PrefabParentObject: {fileID: 11470260, guid: 26d5264036da07f4f9fbeec569d3330d,
    type: 2}
  m_PrefabInternal: {fileID: 1808596043}
  m_Script: {fileID: 11500000, guid: 47fb6944405ae8e419dec56a1fd9c628, type: 3}
--- !u!1001 &1853215223
Prefab:
  m_ObjectHideFlags: 0
  serializedVersion: 2
  m_Modification:
    m_TransformParent: {fileID: 943961997}
    m_Modifications:
    - target: {fileID: 409236, guid: 26d5264036da07f4f9fbeec569d3330d, type: 2}
      propertyPath: m_LocalPosition.x
      value: -341.220032
      objectReference: {fileID: 0}
    - target: {fileID: 409236, guid: 26d5264036da07f4f9fbeec569d3330d, type: 2}
      propertyPath: m_LocalPosition.y
      value: -77.4400024
      objectReference: {fileID: 0}
    - target: {fileID: 409236, guid: 26d5264036da07f4f9fbeec569d3330d, type: 2}
      propertyPath: m_LocalPosition.z
      value: -100
      objectReference: {fileID: 0}
    - target: {fileID: 409236, guid: 26d5264036da07f4f9fbeec569d3330d, type: 2}
      propertyPath: m_LocalRotation.x
      value: 0
      objectReference: {fileID: 0}
    - target: {fileID: 409236, guid: 26d5264036da07f4f9fbeec569d3330d, type: 2}
      propertyPath: m_LocalRotation.y
      value: 0
      objectReference: {fileID: 0}
    - target: {fileID: 409236, guid: 26d5264036da07f4f9fbeec569d3330d, type: 2}
      propertyPath: m_LocalRotation.z
      value: 0
      objectReference: {fileID: 0}
    - target: {fileID: 409236, guid: 26d5264036da07f4f9fbeec569d3330d, type: 2}
      propertyPath: m_LocalRotation.w
      value: 1
      objectReference: {fileID: 0}
    - target: {fileID: 409236, guid: 26d5264036da07f4f9fbeec569d3330d, type: 2}
      propertyPath: m_RootOrder
      value: 7
      objectReference: {fileID: 0}
    - target: {fileID: 21211688, guid: 26d5264036da07f4f9fbeec569d3330d, type: 2}
      propertyPath: m_SortingOrder
      value: 2
      objectReference: {fileID: 0}
    - target: {fileID: 21211688, guid: 26d5264036da07f4f9fbeec569d3330d, type: 2}
      propertyPath: m_Color.r
      value: 0
      objectReference: {fileID: 0}
    - target: {fileID: 21211688, guid: 26d5264036da07f4f9fbeec569d3330d, type: 2}
      propertyPath: m_Color.g
      value: 0
      objectReference: {fileID: 0}
    - target: {fileID: 21211688, guid: 26d5264036da07f4f9fbeec569d3330d, type: 2}
      propertyPath: m_Color.b
      value: 0
      objectReference: {fileID: 0}
    - target: {fileID: 454612, guid: 26d5264036da07f4f9fbeec569d3330d, type: 2}
      propertyPath: m_LocalPosition.x
      value: 0
      objectReference: {fileID: 0}
    - target: {fileID: 454612, guid: 26d5264036da07f4f9fbeec569d3330d, type: 2}
      propertyPath: m_LocalPosition.y
      value: 0
      objectReference: {fileID: 0}
    - target: {fileID: 162918, guid: 26d5264036da07f4f9fbeec569d3330d, type: 2}
      propertyPath: m_Name
      value: (-2, 0)
      objectReference: {fileID: 0}
    m_RemovedComponents: []
  m_ParentPrefab: {fileID: 100100000, guid: 26d5264036da07f4f9fbeec569d3330d, type: 2}
  m_IsPrefabParent: 0
--- !u!4 &1853215224 stripped
Transform:
  m_PrefabParentObject: {fileID: 409236, guid: 26d5264036da07f4f9fbeec569d3330d, type: 2}
  m_PrefabInternal: {fileID: 1853215223}
--- !u!114 &1853215225 stripped
MonoBehaviour:
  m_PrefabParentObject: {fileID: 11470260, guid: 26d5264036da07f4f9fbeec569d3330d,
    type: 2}
  m_PrefabInternal: {fileID: 1853215223}
  m_Script: {fileID: 11500000, guid: 47fb6944405ae8e419dec56a1fd9c628, type: 3}
--- !u!1001 &1855835333
Prefab:
  m_ObjectHideFlags: 0
  serializedVersion: 2
  m_Modification:
    m_TransformParent: {fileID: 943961997}
    m_Modifications:
    - target: {fileID: 409236, guid: 26d5264036da07f4f9fbeec569d3330d, type: 2}
      propertyPath: m_LocalPosition.x
      value: 0
      objectReference: {fileID: 0}
    - target: {fileID: 409236, guid: 26d5264036da07f4f9fbeec569d3330d, type: 2}
      propertyPath: m_LocalPosition.y
      value: 154.880005
      objectReference: {fileID: 0}
    - target: {fileID: 409236, guid: 26d5264036da07f4f9fbeec569d3330d, type: 2}
      propertyPath: m_LocalPosition.z
      value: -100
      objectReference: {fileID: 0}
    - target: {fileID: 409236, guid: 26d5264036da07f4f9fbeec569d3330d, type: 2}
      propertyPath: m_LocalRotation.x
      value: 0
      objectReference: {fileID: 0}
    - target: {fileID: 409236, guid: 26d5264036da07f4f9fbeec569d3330d, type: 2}
      propertyPath: m_LocalRotation.y
      value: 0
      objectReference: {fileID: 0}
    - target: {fileID: 409236, guid: 26d5264036da07f4f9fbeec569d3330d, type: 2}
      propertyPath: m_LocalRotation.z
      value: 0
      objectReference: {fileID: 0}
    - target: {fileID: 409236, guid: 26d5264036da07f4f9fbeec569d3330d, type: 2}
      propertyPath: m_LocalRotation.w
      value: 1
      objectReference: {fileID: 0}
    - target: {fileID: 409236, guid: 26d5264036da07f4f9fbeec569d3330d, type: 2}
      propertyPath: m_RootOrder
      value: 18
      objectReference: {fileID: 0}
    - target: {fileID: 21211688, guid: 26d5264036da07f4f9fbeec569d3330d, type: 2}
      propertyPath: m_SortingOrder
      value: -4
      objectReference: {fileID: 0}
    - target: {fileID: 21211688, guid: 26d5264036da07f4f9fbeec569d3330d, type: 2}
      propertyPath: m_Color.r
      value: 0
      objectReference: {fileID: 0}
    - target: {fileID: 21211688, guid: 26d5264036da07f4f9fbeec569d3330d, type: 2}
      propertyPath: m_Color.g
      value: 0
      objectReference: {fileID: 0}
    - target: {fileID: 21211688, guid: 26d5264036da07f4f9fbeec569d3330d, type: 2}
      propertyPath: m_Color.b
      value: 0
      objectReference: {fileID: 0}
    - target: {fileID: 454612, guid: 26d5264036da07f4f9fbeec569d3330d, type: 2}
      propertyPath: m_LocalPosition.x
      value: 0
      objectReference: {fileID: 0}
    - target: {fileID: 454612, guid: 26d5264036da07f4f9fbeec569d3330d, type: 2}
      propertyPath: m_LocalPosition.y
      value: 0
      objectReference: {fileID: 0}
    - target: {fileID: 162918, guid: 26d5264036da07f4f9fbeec569d3330d, type: 2}
      propertyPath: m_Name
      value: (0, 2)
      objectReference: {fileID: 0}
    m_RemovedComponents: []
  m_ParentPrefab: {fileID: 100100000, guid: 26d5264036da07f4f9fbeec569d3330d, type: 2}
  m_IsPrefabParent: 0
--- !u!4 &1855835334 stripped
Transform:
  m_PrefabParentObject: {fileID: 409236, guid: 26d5264036da07f4f9fbeec569d3330d, type: 2}
  m_PrefabInternal: {fileID: 1855835333}
--- !u!114 &1855835335 stripped
MonoBehaviour:
  m_PrefabParentObject: {fileID: 11470260, guid: 26d5264036da07f4f9fbeec569d3330d,
    type: 2}
  m_PrefabInternal: {fileID: 1855835333}
  m_Script: {fileID: 11500000, guid: 47fb6944405ae8e419dec56a1fd9c628, type: 3}
--- !u!1001 &1865278337
Prefab:
  m_ObjectHideFlags: 0
  serializedVersion: 2
  m_Modification:
    m_TransformParent: {fileID: 943961997}
    m_Modifications:
    - target: {fileID: 409236, guid: 26d5264036da07f4f9fbeec569d3330d, type: 2}
      propertyPath: m_LocalPosition.x
      value: -170.610016
      objectReference: {fileID: 0}
    - target: {fileID: 409236, guid: 26d5264036da07f4f9fbeec569d3330d, type: 2}
      propertyPath: m_LocalPosition.y
      value: 38.7200012
      objectReference: {fileID: 0}
    - target: {fileID: 409236, guid: 26d5264036da07f4f9fbeec569d3330d, type: 2}
      propertyPath: m_LocalPosition.z
      value: -100
      objectReference: {fileID: 0}
    - target: {fileID: 409236, guid: 26d5264036da07f4f9fbeec569d3330d, type: 2}
      propertyPath: m_LocalRotation.x
      value: 0
      objectReference: {fileID: 0}
    - target: {fileID: 409236, guid: 26d5264036da07f4f9fbeec569d3330d, type: 2}
      propertyPath: m_LocalRotation.y
      value: 0
      objectReference: {fileID: 0}
    - target: {fileID: 409236, guid: 26d5264036da07f4f9fbeec569d3330d, type: 2}
      propertyPath: m_LocalRotation.z
      value: 0
      objectReference: {fileID: 0}
    - target: {fileID: 409236, guid: 26d5264036da07f4f9fbeec569d3330d, type: 2}
      propertyPath: m_LocalRotation.w
      value: 1
      objectReference: {fileID: 0}
    - target: {fileID: 409236, guid: 26d5264036da07f4f9fbeec569d3330d, type: 2}
      propertyPath: m_RootOrder
      value: 13
      objectReference: {fileID: 0}
    - target: {fileID: 21211688, guid: 26d5264036da07f4f9fbeec569d3330d, type: 2}
      propertyPath: m_SortingOrder
      value: -1
      objectReference: {fileID: 0}
    - target: {fileID: 21211688, guid: 26d5264036da07f4f9fbeec569d3330d, type: 2}
      propertyPath: m_Color.r
      value: 0
      objectReference: {fileID: 0}
    - target: {fileID: 21211688, guid: 26d5264036da07f4f9fbeec569d3330d, type: 2}
      propertyPath: m_Color.g
      value: 0
      objectReference: {fileID: 0}
    - target: {fileID: 21211688, guid: 26d5264036da07f4f9fbeec569d3330d, type: 2}
      propertyPath: m_Color.b
      value: 0
      objectReference: {fileID: 0}
    - target: {fileID: 454612, guid: 26d5264036da07f4f9fbeec569d3330d, type: 2}
      propertyPath: m_LocalPosition.x
      value: 0
      objectReference: {fileID: 0}
    - target: {fileID: 454612, guid: 26d5264036da07f4f9fbeec569d3330d, type: 2}
      propertyPath: m_LocalPosition.y
      value: 0
      objectReference: {fileID: 0}
    - target: {fileID: 162918, guid: 26d5264036da07f4f9fbeec569d3330d, type: 2}
      propertyPath: m_Name
      value: (-1, 1)
      objectReference: {fileID: 0}
    m_RemovedComponents: []
  m_ParentPrefab: {fileID: 100100000, guid: 26d5264036da07f4f9fbeec569d3330d, type: 2}
  m_IsPrefabParent: 0
--- !u!4 &1865278338 stripped
Transform:
  m_PrefabParentObject: {fileID: 409236, guid: 26d5264036da07f4f9fbeec569d3330d, type: 2}
  m_PrefabInternal: {fileID: 1865278337}
--- !u!114 &1865278339 stripped
MonoBehaviour:
  m_PrefabParentObject: {fileID: 11470260, guid: 26d5264036da07f4f9fbeec569d3330d,
    type: 2}
  m_PrefabInternal: {fileID: 1865278337}
  m_Script: {fileID: 11500000, guid: 47fb6944405ae8e419dec56a1fd9c628, type: 3}
--- !u!1 &1882983781 stripped
GameObject:
  m_PrefabParentObject: {fileID: 197272, guid: 3c9e0bf0dd00ff343bc1a0dd8f1456c3, type: 2}
  m_PrefabInternal: {fileID: 826148632}
--- !u!1001 &1961824370
Prefab:
  m_ObjectHideFlags: 0
  serializedVersion: 2
  m_Modification:
    m_TransformParent: {fileID: 943961997}
    m_Modifications:
    - target: {fileID: 409236, guid: 26d5264036da07f4f9fbeec569d3330d, type: 2}
      propertyPath: m_LocalPosition.x
      value: 341.220032
      objectReference: {fileID: 0}
    - target: {fileID: 409236, guid: 26d5264036da07f4f9fbeec569d3330d, type: 2}
      propertyPath: m_LocalPosition.y
      value: 77.4400024
      objectReference: {fileID: 0}
    - target: {fileID: 409236, guid: 26d5264036da07f4f9fbeec569d3330d, type: 2}
      propertyPath: m_LocalPosition.z
      value: -100
      objectReference: {fileID: 0}
    - target: {fileID: 409236, guid: 26d5264036da07f4f9fbeec569d3330d, type: 2}
      propertyPath: m_LocalRotation.x
      value: 0
      objectReference: {fileID: 0}
    - target: {fileID: 409236, guid: 26d5264036da07f4f9fbeec569d3330d, type: 2}
      propertyPath: m_LocalRotation.y
      value: 0
      objectReference: {fileID: 0}
    - target: {fileID: 409236, guid: 26d5264036da07f4f9fbeec569d3330d, type: 2}
      propertyPath: m_LocalRotation.z
      value: 0
      objectReference: {fileID: 0}
    - target: {fileID: 409236, guid: 26d5264036da07f4f9fbeec569d3330d, type: 2}
      propertyPath: m_LocalRotation.w
      value: 1
      objectReference: {fileID: 0}
    - target: {fileID: 409236, guid: 26d5264036da07f4f9fbeec569d3330d, type: 2}
      propertyPath: m_RootOrder
      value: 11
      objectReference: {fileID: 0}
    - target: {fileID: 21211688, guid: 26d5264036da07f4f9fbeec569d3330d, type: 2}
      propertyPath: m_SortingOrder
      value: -2
      objectReference: {fileID: 0}
    - target: {fileID: 21211688, guid: 26d5264036da07f4f9fbeec569d3330d, type: 2}
      propertyPath: m_Color.r
      value: 0
      objectReference: {fileID: 0}
    - target: {fileID: 21211688, guid: 26d5264036da07f4f9fbeec569d3330d, type: 2}
      propertyPath: m_Color.g
      value: 0
      objectReference: {fileID: 0}
    - target: {fileID: 21211688, guid: 26d5264036da07f4f9fbeec569d3330d, type: 2}
      propertyPath: m_Color.b
      value: 0
      objectReference: {fileID: 0}
    - target: {fileID: 454612, guid: 26d5264036da07f4f9fbeec569d3330d, type: 2}
      propertyPath: m_LocalPosition.x
      value: 0
      objectReference: {fileID: 0}
    - target: {fileID: 454612, guid: 26d5264036da07f4f9fbeec569d3330d, type: 2}
      propertyPath: m_LocalPosition.y
      value: 0
      objectReference: {fileID: 0}
    - target: {fileID: 162918, guid: 26d5264036da07f4f9fbeec569d3330d, type: 2}
      propertyPath: m_Name
      value: (2, 0)
      objectReference: {fileID: 0}
    m_RemovedComponents: []
  m_ParentPrefab: {fileID: 100100000, guid: 26d5264036da07f4f9fbeec569d3330d, type: 2}
  m_IsPrefabParent: 0
--- !u!4 &1961824371 stripped
Transform:
  m_PrefabParentObject: {fileID: 409236, guid: 26d5264036da07f4f9fbeec569d3330d, type: 2}
  m_PrefabInternal: {fileID: 1961824370}
--- !u!114 &1961824372 stripped
MonoBehaviour:
  m_PrefabParentObject: {fileID: 11470260, guid: 26d5264036da07f4f9fbeec569d3330d,
    type: 2}
  m_PrefabInternal: {fileID: 1961824370}
  m_Script: {fileID: 11500000, guid: 47fb6944405ae8e419dec56a1fd9c628, type: 3}
--- !u!1 &1970287199
GameObject:
  m_ObjectHideFlags: 0
  m_PrefabParentObject: {fileID: 0}
  m_PrefabInternal: {fileID: 0}
  serializedVersion: 4
  m_Component:
  - 4: {fileID: 1970287201}
  - 212: {fileID: 1970287200}
  m_Layer: 0
  m_Name: trees
  m_TagString: Untagged
  m_Icon: {fileID: 0}
  m_NavMeshLayer: 0
  m_StaticEditorFlags: 0
  m_IsActive: 1
--- !u!212 &1970287200
SpriteRenderer:
  m_ObjectHideFlags: 0
  m_PrefabParentObject: {fileID: 0}
  m_PrefabInternal: {fileID: 0}
  m_GameObject: {fileID: 1970287199}
  m_Enabled: 1
  m_CastShadows: 0
  m_ReceiveShadows: 0
  m_Materials:
  - {fileID: 10754, guid: 0000000000000000e000000000000000, type: 0}
  m_SubsetIndices: 
  m_StaticBatchRoot: {fileID: 0}
  m_UseLightProbes: 0
  m_ReflectionProbeUsage: 0
  m_ProbeAnchor: {fileID: 0}
  m_ScaleInLightmap: 1
  m_PreserveUVs: 0
  m_ImportantGI: 0
  m_AutoUVMaxDistance: .5
  m_AutoUVMaxAngle: 89
  m_LightmapParameters: {fileID: 0}
  m_SortingLayerID: 0
  m_SortingOrder: -3
  m_Sprite: {fileID: 21300000, guid: 0e14a3fb14372c348a57a02ef35ec37e, type: 3}
  m_Color: {r: 1, g: 1, b: 1, a: 1}
--- !u!4 &1970287201
Transform:
  m_ObjectHideFlags: 0
  m_PrefabParentObject: {fileID: 0}
  m_PrefabInternal: {fileID: 0}
  m_GameObject: {fileID: 1970287199}
  m_LocalRotation: {x: 0, y: 0, z: 0, w: 1}
  m_LocalPosition: {x: -93, y: -369, z: 0}
  m_LocalScale: {x: 21.6403046, y: 21.6403046, z: 21.6403046}
  m_Children: []
  m_Father: {fileID: 0}
  m_RootOrder: 6
