%YAML 1.1
%TAG !u! tag:unity3d.com,2011:
--- !u!241 &24100000
AudioMixerController:
  m_ObjectHideFlags: 0
  m_PrefabParentObject: {fileID: 0}
  m_PrefabInternal: {fileID: 0}
  m_Name: SFX
  m_OutputGroup: {fileID: 0}
  m_MasterGroup: {fileID: 24300001}
  m_Snapshots:
  - {fileID: 24500003}
  m_StartSnapshot: {fileID: 24500003}
  m_SuspendThreshold: -80
  m_EnableSuspend: 1
  m_ExposedParameters: []
  m_AudioMixerGroupViews:
  - guids:
    - d5a7565fc9fc87a49838c90c9c8ae5c3
    - 8dfa97a4b01abe04caa1a27a45950244
    name: View
  m_CurrentViewIndex: 0
  m_TargetSnapshot: {fileID: 24500003}
--- !u!243 &24300001
AudioMixerGroupController:
  m_ObjectHideFlags: 0
  m_PrefabParentObject: {fileID: 0}
  m_PrefabInternal: {fileID: 0}
  m_Name: Master
  m_AudioMixer: {fileID: 24100000}
  m_GroupID: d5a7565fc9fc87a49838c90c9c8ae5c3
  m_Children:
  - {fileID: 24392482}
  m_Volume: 4a14cf60fb0ec9e4587932acaa35bba9
  m_Pitch: 47ca635993f9d304e8f06a998fa80709
  m_Effects:
  - {fileID: 24400002}
  m_UserColorIndex: 0
  m_Mute: 0
  m_Solo: 0
  m_BypassEffects: 0
--- !u!243 &24392482
AudioMixerGroupController:
  m_ObjectHideFlags: 0
  m_PrefabParentObject: {fileID: 0}
  m_PrefabInternal: {fileID: 0}
  m_Name: sfx
  m_AudioMixer: {fileID: 24100000}
  m_GroupID: 8dfa97a4b01abe04caa1a27a45950244
  m_Children: []
  m_Volume: 227c7f123bb16234f966f18b8555a417
  m_Pitch: ca3d82489a7b2a34ab1bf41e4ce05b72
  m_Effects:
  - {fileID: 24486328}
  m_UserColorIndex: 0
  m_Mute: 0
  m_Solo: 0
  m_BypassEffects: 0
--- !u!244 &24400002
AudioMixerEffectController:
  m_ObjectHideFlags: 3
  m_PrefabParentObject: {fileID: 0}
  m_PrefabInternal: {fileID: 0}
  m_Name: 
  m_EffectID: ffbbe95295da95d458764e1686f3bd16
  m_EffectName: Attenuation
  m_MixLevel: 171930aa7c81bbb4488a5b3b8de425e4
  m_Parameters: []
  m_SendTarget: {fileID: 0}
  m_EnableWetMix: 0
  m_Bypass: 0
--- !u!244 &24486328
AudioMixerEffectController:
  m_ObjectHideFlags: 3
  m_PrefabParentObject: {fileID: 0}
  m_PrefabInternal: {fileID: 0}
  m_Name: 
  m_EffectID: bdfe08d5a1b344b4884bb4ff6ebeb395
  m_EffectName: Attenuation
  m_MixLevel: 79060d3f45f32654ba4f218dd373b9f4
  m_Parameters: []
  m_SendTarget: {fileID: 0}
  m_EnableWetMix: 0
  m_Bypass: 0
--- !u!245 &24500003
AudioMixerSnapshotController:
  m_ObjectHideFlags: 0
  m_PrefabParentObject: {fileID: 0}
  m_PrefabInternal: {fileID: 0}
  m_Name: Snapshot
  m_AudioMixer: {fileID: 24100000}
  m_SnapshotID: 991fb68108f76d140a2d8e1ec1a9e820
  m_FloatValues: {}
  m_TransitionOverrides: {}
